3774 5596
361 514 419 575 154
931 504 1073 574 Sibyllina.

483 663 601 758 Σᾶρκα
622 667 746 754 παρών
767 673 880 739 πᾶσαν
899 686 1012 754 κρίναι
1032 673 1089 738 καὶ
1109 664 1239 754 κόσμον
1259 659 1405 738 ἅπαντα.

358 799 398 838 aso
477 762 639 852 Ὄψονται
661 771 696 836 δὲ
718 765 804 837 θεὸν
824 773 967 854 μέροπες
989 773 1104 837 πιστοὶ
1124 775 1181 836 καὶ
1202 765 1341 837 ἄπιστοι

357 959 461 1026 χθετσα
487 955 544 1010 καί
561 955 646 1018 θείας
671 951 820 1022 ἐπιπνοίας
846 949 936 1021 ὄντως
952 951 1092 1026 γενομένη
1106 955 1209 1022 μεστή,
1236 949 1271 1008 δι’
1292 949 1370 1008 ἐπῶν
1387 955 1522 1026 περὶτοῦ
1539 958 1612 1012 θεοῖ·
1634 954 1669 1012 τὰ

358 1038 499 1106 μέλλοντα
518 1036 709 1110 προεθέσπισε
728 1045 826 1108 σαφῶς
842 1046 903 1104 ταῖς
921 1039 1074 1110 προτάξεσι
1091 1045 1148 1094 τῶν
1166 1034 1288 1108 πρώτων
1306 1037 1493 1108 γραμμάτων,
1512 1037 1572 1107 ἥτις
1584 1038 1668 1112 ἀειρο-

359 1123 446 1193 στιχίς
462 1119 586 1192 λέγεται,
610 1124 731 1190 δηλοῦσα
749 1125 799 1192 τὴν
818 1119 945 1195 ἱστορίαν
962 1133 1012 1192 τῆς
1028 1130 1079 1180 τοῦ
1095 1115 1186 1191 Ἰησοῦ
1203 1121 1405 1188 κατελεύσεως·
1429 1118 1488 1178 ἔστι
1505 1122 1535 1180 δὲ
1552 1122 1668 1196 ὴοίιιρο-

359 1207 447 1276 οτιχίς
468 1201 550 1275 αὕτη·
576 1202 682 1274 Ἰησοῦς
698 1207 822 1278 Χριστὸς
843 1211 915 1264 θεοῦ
936 1206 996 1274 υίὸς
1018 1208 1111 1279 σωτὴρ
1134 1205 1267 1276 σταυρὸς·
1292 1203 1328 1262 τὰ
1347 1199 1372 1260 δ’
1388 1200 1441 1276 ἔπη
1460 1205 1546 1275 αὐτῆς
1562 1216 1667 1264 ταῦτα·

360 1287 490 1362 ἱδρώσει.
504 1331 530 1344 ..
549 1290 702 1347 217-243
725 1292 905 1362 Augustinus:
934 1291 968 1346 de
990 1291 1064 1346 civit.
1086 1289 1130 1344 dei
1153 1288 1244 1345 XVIII
1262 1292 1307 1346 23:
1334 1289 1410 1345 Haec
1432 1308 1497 1346 sane
1516 1292 1669 1361 Erythraea

359 1373 466 1442 Sibylla
484 1373 618 1444 quaedam
640 1374 674 1428 de
687 1373 795 1430 Christo
813 1376 960 1430 manifesta
977 1375 1150 1445 conscripsit3
1168 1374 1343 1443 quodetiam
1359 1393 1411 1430 nos
1429 1375 1506 1446 prius
1521 1377 1551 1432 in
1569 1377 1669 1432 Latina

358 1457 456 1527 lingua
477 1458 598 1512 versibus
615 1459 689 1513 mele
705 1459 811 1514 Latinis
829 1462 858 1514 et
874 1477 931 1515 non
948 1459 1084 1514 stantibus
1100 1459 1218 1530 legimns
1235 1475 1284 1529 per
1304 1459 1396 1514 nescio
1419 1460 1496 1514 cuius
1512 1461 1669 1532 interpretis

358 1540 537 1612 imperitiam,
564 1543 635 1597 sicut
660 1546 723 1612 post
744 1544 931 1613 cognovimus.
970 1543 1040 1597 Nam
1063 1544 1105 1597 vir
1126 1542 1292 1598 clarissimus
1314 1543 1488 1610 Flaccianus,
1515 1545 1562 1614 qui
1584 1545 1669 1600 etiam

359 1625 504 1696 proconsul
527 1625 592 1692 fuit,
618 1627 701 1682 homo
723 1627 872 1682 facillimae
894 1627 1039 1682 facundiae
1060 1627 1218 1696 multaeque
1242 1627 1396 1695 doctrinae,
1426 1645 1489 1684 cum
1508 1630 1542 1684 de
1560 1631 1668 1686 Christo

359 1709 597 1778 conloqueremur,
626 1711 760 1766 Graecum
785 1712 865 1766 nobis
891 1711 1012 1768 codicem
1038 1711 1164 1782 protulit,
1197 1710 1319 1765 carmina
1342 1727 1401 1765 esse
1428 1711 1521 1767 dicens
1547 1713 1669 1784 Sibyllae

360 1793 538 1864 Erythraeae,
555 1793 603 1850 ubi
615 1795 736 1850 ostendit
752 1795 872 1864 quodam
888 1795 950 1850 loco
961 1795 991 1850 in
1003 1795 1136 1866 capitibus
1148 1812 1274 1850 versuum
1286 1795 1409 1851 ordinem
1421 1796 1576 1852 litterarum
1589 1797 1628 1853 ita
1640 1815 1669 1852 se

361 1877 520 1944 habentem,
542 1881 575 1933 ut
595 1879 665 1933 haec
680 1879 710 1935 in
728 1896 761 1936 eo
777 1880 863 1935 serbo
879 1880 1047 1950 legerentur:
1069 1873 1173 1950 Ἰησοῦς
1189 1879 1328 1950 Χρειοτὸς
1346 1882 1420 1936 Θεοῦ
1436 1877 1498 1946 υίὸς
1515 1883 1609 1954 σωτήρ
1622 1923 1629 1936 .
1642 1923 1668 1938 ..

360 1962 396 2016 Ηί
421 1965 514 2016 autem
530 1979 635 2028 sersus,
659 1980 774 2031 quorum
791 1965 897 2034 primae
914 1964 1023 2019 litterae
1040 1965 1122 2019 istum
1140 1981 1261 2030 sensum,
1284 1981 1366 2034 quem
1383 1964 1518 2033 diximus,
1540 1965 1668 2026 reddunt,

359 2046 432 2100 sicut
449 2063 494 2102 cos
512 2046 624 2115 quidam
642 2047 746 2100 Latinis
763 2051 792 2102 et
809 2048 946 2104 stantibus
964 2047 1085 2102 versibus
1103 2051 1145 2102 est
1160 2047 1365 2117 interpretatus,
1383 2047 1436 2103 hoc
1453 2051 1608 2104 continent:

624 2169 653 2182 ··
673 2147 768 2202 Iudicii
787 2149 895 2219 siguum
914 2148 996 2204 tellus
1013 2148 1111 2204 sudore
1129 2149 1276 2204 madescet.

624 2229 654 2286 Z
672 2233 695 2288 Ε
714 2233 790 2288 caelo
808 2250 856 2287 rex
874 2233 1003 2288 adveniet
1020 2250 1068 2304 per
1085 2233 1177 2288 saecla
1193 2233 1309 2300 futurus,

623 2308 653 2369 (l
672 2319 783 2373 Scilicet
799 2321 831 2372 ut
849 2335 958 2372 carnem
976 2335 1111 2388 praesens,
1129 2321 1161 2372 ut
1178 2315 1281 2371 iudicet
1298 2315 1402 2371 orbem.

623 2389 653 2454 Ο
671 2403 751 2458 Unde
768 2403 856 2457 Deum
875 2407 987 2457 cernent
1003 2400 1160 2456 incredulus
1178 2403 1262 2470 etque
1279 2400 1368 2456 tidelis

541 2491 553 2530 ὗ
610 2473 655 2557 ·<
671 2487 780 2542 Celsum
798 2505 860 2541 cum
878 2487 979 2540 sanctis
997 2487 1058 2540 aevi
1076 2486 1132 2540 iarn
1149 2485 1267 2540 termino
1284 2486 1314 2540 in
1332 2485 1398 2555 ipso.

623 2559 653 2620 (l
672 2572 716 2626 Sic
734 2572 842 2626 animae
860 2587 921 2626 cum
939 2588 1021 2626 carne
1040 2571 1163 2637 aderunt,
1183 2587 1250 2639 quaa
1267 2569 1372 2624 iudicat
1388 2569 1454 2640 ipse,

622 2641 653 2710 Χ
671 2656 738 2710 Cum
756 2656 829 2710 iacet
845 2655 965 2710 incultus
983 2655 1073 2709 densis
1090 2655 1117 2708 in
1137 2653 1264 2724 vepribus
1282 2653 1363 2719 orbis,

609 2739 653 2776 Ἴ
672 2741 796 2795 Reicient
813 2740 959 2795 simulacra
978 2739 1036 2804 viri,
1055 2741 1182 2793 cunctam
1200 2755 1308 2806 quoque
1326 2755 1431 2808 gazam,

623 2809 653 2875 (b
672 2825 776 2880 Exuret
792 2827 878 2880 terras
895 2824 969 2894 ignis
988 2827 1155 2893 pontumque
1172 2823 1319 2894 polumque

530 2904 555 2944 ¹⁰
623 2920 652 2934 ·
672 2909 818 2978 Inquirens
835 2909 917 2964 taetri
935 2911 1028 2978 portas
1046 2907 1174 2976 effringet
1191 2905 1301 2960 Averni.

624 2979 654 3041 (l
674 2995 835 3048 Sanctorum
852 2993 900 3047 sed
918 2993 990 3046 enim
1009 2994 1124 3044 cunctae
1141 2991 1188 3044 lux
1207 2989 1295 3045 libera
1311 2991 1388 3044 carni

625 3065 654 3131 *i
673 3077 814 3144 Tradetur,
833 3079 924 3132 sontes
942 3079 1055 3130 aeterna
1072 3076 1183 3128 flamma
1201 3073 1341 3129 cremabit

625 3152 655 3215 O
674 3161 802 3215 Occultos
820 3165 897 3215 actus
915 3163 1041 3230 retegens
1059 3162 1126 3213 tunc
1143 3159 1258 3227 quisque
1275 3158 1403 3228 loquetur

625 3237 655 3299 (l
674 3245 791 3308 Secreta,
811 3248 894 3314 atque
911 3245 984 3300 Dens
1002 3241 1134 3298 reserabit
1151 3246 1263 3313 pectora
1279 3242 1343 3297 lnci.

625 3320 655 3382 <D
674 3329 750 3384 'lhnc
767 3329 820 3384 erit
837 3333 865 3384 et
882 3329 980 3395 luctus,
998 3327 1153 3382 stridebunt
1170 3326 1298 3382 dentibus
1315 3345 1417 3382 omnes.

625 3408 655 3474 (ll
674 3411 796 3484 Eripitur
813 3414 878 3470 solis
895 3413 975 3468 iubar
993 3416 1021 3468 at
1038 3413 1135 3468 chorus
1153 3410 1249 3465 interit
1267 3410 1354 3465 astris.

625 3497 655 3562 Ο
675 3497 810 3554 Volvetur
827 3499 941 3562 caelum,
959 3497 1062 3551 lunaris
1081 3494 1209 3566 splendor
1226 3495 1326 3560 obibit;

612 3564 781 3733 §Deiciet
798 3583 890 3648 colles,
909 3581 996 3636 vallea
1014 3581 1129 3635 extollet
1147 3581 1182 3634 ab
1199 3579 1263 3634 im0.

674 3665 736 3720 Non
754 3666 807 3720 erit
823 3667 852 3720 iu
869 3669 950 3722 rebus
967 3665 1108 3719 hominum
1127 3662 1244 3718 sublime
1262 3663 1306 3718 vel
1325 3664 1421 3718 altum.

532 3739 557 3779 ⁹⁰
625 3765 654 3779 ··
674 3749 731 3803 Iam
750 3753 904 3820 aequantur
921 3750 1024 3820 campis
1041 3752 1148 3804 montes
1166 3752 1194 3802 et
1212 3749 1322 3802 caerula
1338 3749 1417 3818 ponti

625 3824 655 3889 Ο
675 3833 774 3889 Omnia
792 3835 944 3900 cessabunt,
963 3833 1046 3888 tellus
1064 3833 1204 3886 confracta
1221 3831 1334 3902 peribit:

626 3912 656 3973 (l
674 3918 718 3972 Sic
735 3919 838 3988 pariter
854 3919 943 3974 fontes
960 3920 1100 3974 torrentur
1118 3917 1284 3985 flumineque
1301 3915 1368 3986 igni.

626 3991 656 4053 (l
675 4003 728 4056 Sed
745 4003 814 4056 tuba
831 4006 890 4056 tum
908 4003 1029 4058 sonitum
1047 4002 1154 4076 tristem
1172 4000 1301 4054 demittet
1318 4002 1353 4056 ab
1372 4000 1430 4054 alto

674 4084 754 4151 Orbe,
774 4102 884 4154 gemens
902 4087 1008 4141 facinus
1025 4086 1154 4139 miserum
1172 4083 1317 4152 variosque
1334 4083 1452 4148 labores,

531 4169 557 4211 ⁹⁶
626 4167 656 4234 -l
674 4170 889 4239 Tartareumque
907 4172 990 4224 cbaos
1008 4169 1174 4224 monstrabit
1190 4171 1265 4222 terra
1282 4167 1432 4224 dehiscens.

626 4255 656 4311 Ζ
674 4255 711 4310 Et
728 4271 821 4309 coram
839 4255 884 4309 hic
900 4255 1018 4310 Domino
1037 4271 1114 4324 reges
1133 4254 1264 4307 sistentur
1281 4253 1317 4306 ad
1334 4271 1428 4308 unum.

612 4339 656 4378 Ἴ
674 4339 804 4394 Reccidet
821 4357 836 4394 e
854 4338 931 4395 caelo
949 4338 1075 4410 ignisque
1093 4339 1122 4391 et
1139 4337 1275 4408 sulphuris
1294 4335 1390 4390 amnis.

449 4491 509 4548 219
527 4489 629 4564 παρὼν
646 4493 675 4546 Ω
687 4493 778 4546 Const.
796 4489 889 4564 πάρος
901 4492 966 4544 ΦΨ.
981 4521 1012 4530 -
1024 4495 1118 4546 πᾶσαν
1136 4497 1229 4562 κρίναι
1247 4490 1350 4558 (κρίναι
1362 4491 1399 4556 Φ)
1412 4491 1472 4544 ΦΨ
1482 4488 1574 4544 Cenat.
1585 4488 1671 4544 Mose.

365 4578 449 4632 Marc
468 4577 554 4631 Paris.
576 4583 673 4633 πᾶσαν
695 4577 802 4648 κρίνειν
818 4577 846 4630 Ω
876 4583 970 4644 κρῖναι
993 4581 1087 4630 πᾶσαν
1111 4573 1202 4629 Const.
1225 4573 1288 4627 Vat.
1315 4605 1348 4612 -
1375 4573 1439 4628 Vat.
1462 4573 1537 4628 1357.
1564 4603 1596 4613 -
1622 4575 1670 4628 καί

365 4661 474 4730 κόσμον
493 4655 606 4716 ἅπαντα
624 4686 657 4705 =
675 4660 708 4713 V.
726 4659 872 4728 3021220
890 4654 1024 4727 dnonas:
1043 4653 1163 4728 ὕψιστον
1181 4675 1230 4712 aus
1247 4657 1281 4710 V.
1300 4659 1349 4714 221
1369 4657 1405 4712 Ω.
