3828 5572
824 421 889 490 [111.
908 422 1052 478 εει-εει.

399 580 589 676 τειρόμενοι
610 583 795 668 δάσονται·
818 579 874 654 ἐπ’
898 580 958 671 οὐχ
980 579 1101 656 ὁσίοιοι
1123 587 1158 654 δὲ
1179 585 1303 672 χαίροις

398 691 548 756 τίσουσιν
570 690 644 774 τρίς
666 679 791 756 τόσσον
814 675 897 755 ὅσον
918 681 1026 756 κακὸν
1047 679 1170 773 ἤλιτον
1192 685 1291 772 ἔργον

398 782 570 872 δαιόμενοι
590 788 671 871 πυρὶ
693 789 828 872 πολλῷ·
850 781 1062 872 έπιβράξουσι
1084 779 1117 854 δ’
1140 777 1276 854 ὀδοῦσιν

394 881 522 966 πάντες
543 878 725 973 τηκόμενοι
747 889 828 971 δίψη
849 890 976 972 μαλερῇ
998 911 1036 954 τε
1057 889 1112 970 βίη
1135 911 1183 968 τε,

397 992 453 1054 καὶ
474 988 652 1056 καλέσουσι
673 981 781 1054 καλὸν
802 980 845 1054 τὸ
867 992 988 1054 θανεῖν
1008 988 1064 1052 καί
1087 978 1224 1068 φεύξετ’
1249 975 1310 1054 ἄπ’
1333 979 1459 1055 αὐτῶν.

397 1080 512 1154 οόιιέτι
533 1081 596 1171 γὰρ
618 1078 774 1164 θάνατος
795 1079 950 1166 τούτους,
973 1078 1015 1154 οδ
1035 1081 1098 1167 νὺξ
1119 1075 1311 1154 ἀναπαύσει.

397 1181 512 1254 πολλὰ
534 1178 566 1252 δ’
589 1178 800 1271 έρωτὴσουσι
819 1178 931 1270 μάτην
952 1179 1038 1253 θεὸν
1058 1176 1278 1270 άψιμέδοντα,

398 1288 454 1352 καί
477 1277 555 1354 τότ’
578 1276 787 1374 ᾇποστρέιρει
809 1288 967 1372 φανερῶς
988 1278 1029 1352 τὸ
1051 1277 1242 1372 πρόσωπον
1264 1276 1326 1352 ἄπ’
1348 1278 1473 1354 αὐτῶν.

397 1380 484 1454 ἑπτά
505 1380 570 1472 γάρ
592 1381 730 1453 αἰώνων
752 1388 934 1470 μετανοίας
957 1375 1060 1470 ἤματ’
1082 1381 1211 1452 ἔδωκεν

399 1477 539 1570 άνδράσι
561 1486 787 1570 πλαζομένοις
809 1481 864 1552 διὰ
883 1479 996 1569 χειρὸς
1016 1484 1193 1570 παρθένου
1215 1475 1329 1570 ἁγνῆς.

398 1581 480 1663 τούς
502 1576 534 1650 δ’
558 1579 692 1664 ἄλλους,
716 1575 857 1660 ὁπόσοις
878 1608 916 1650 τε
938 1585 1013 1670 δίκη
1035 1576 1123 1651 καλά
1146 1574 1180 1648 τ’
1203 1580 1281 1666 ἔργα
1303 1585 1450 1669 μέμηλεν

397 1677 457 1770 ἠδὲ
478 1685 534 1752 καί
556 1675 683 1767 εὖσεβίη
705 1708 743 1750 τε
764 1676 976 1752 δικαιότατοί
998 1707 1035 1750 τε
1058 1685 1221 1767 λογισμοί,

396 1779 532 1869 ἄγγελοι
553 1775 726 1868 αἰρόμεναι
745 1774 790 1850 δι’
814 1784 999 1868 αἰθομένου
1021 1795 1192 1867 ποταμοῖο

399 1883 445 1961 εἰς
468 1885 544 1965 φῶς
566 1877 704 1966 ἄξουσιν
724 1885 780 1950 καὶ
802 1885 848 1960 εἰς
872 1878 963 1968 ζωὴν
985 1873 1178 1968 άμέριμνον,

397 1981 483 2050 ’ἔνθα
505 1985 600 2050 πέλει
623 1985 738 2067 τρίβος
760 1972 937 2060 ἀθάνατος
957 1976 1118 2068 μεγάλοιο
1140 1987 1238 2050 θεοῖο

397 2085 453 2150 καὶ
475 2085 605 2168 τρισσαὶ
627 2083 731 2167 πηγαὶ
754 2083 850 2150 οἴνου
870 2075 1007 2167 μέλιτός
1029 2107 1066 2148 τε
1088 2075 1271 2165 γάλακτος·

397 2197 475 2267 γαῖα
497 2173 525 2249 δ
548 2181 603 2267 ἰση
623 2173 770 2248 πάντων
792 2173 833 2248 οδ
855 2185 997 2265 τείχεσιν
1019 2174 1060 2248 οὗ
1081 2195 1325 2266 τεριφραγμοῑς

272 2313 276 2326 ·
396 2283 649 2367 διαμεριζομένη
671 2275 822 2362 καρπούς
843 2273 925 2346 τότε
945 2285 1108 2359 πλείονας
1130 2281 1213 2347 σίσει

398 2373 584 2466 αὐτομάτη,
606 2381 717 2447 κοινοί
738 2403 777 2445 τε
798 2382 866 2458 βίοι
887 2382 943 2445 καί
965 2382 1117 2456 πλοῦτος
1139 2374 1287 2464 ἄμοιρος.

399 2473 440 2549 οὗ
461 2475 525 2566 γὰρ
546 2472 685 2563 τιτοοχὸς
707 2478 782 2556 ἐκεῖ,
805 2471 846 2546 οὗ
867 2473 1040 2560 πλούσιος,
1063 2472 1141 2547 οὐδὲ
1162 2473 1329 2561 τύραννος

395 2572 437 2647 οὔ
458 2582 588 2659 δοῦλος,
613 2569 688 2646 οὐδ’
711 2565 753 2643 αὖ
773 2579 884 2663 μέγας,
907 2571 949 2645 οδ
968 2571 1086 2665 μικρός
1107 2604 1160 2658 τις
1183 2569 1233 2645 ἔτ’
1257 2577 1357 2660 ἔσται,

397 2671 439 2746 οδ
459 2682 612 2760 βασιλεῖς,
635 2669 695 2761 οὖχ
718 2669 889 2763 ἡγεμόνες·
911 2682 1009 2762 κοινῇ
1031 2669 1064 2745 δ’
1087 2667 1154 2763 άμα
1175 2671 1311 2757 πάντες.

358 2880 511 2938 305-312
525 2897 573 2933 aus
586 2878 651 2932 VIII
663 2880 806 2935 350-358.
819 2909 852 2918 -
865 2879 1014 2934 318-321
1030 2897 1078 2933 aus
1091 2878 1154 2933 VIII
1166 2879 1310 2936 208-212.
1323 2910 1356 2919 -
1369 2879 1525 2936 322-324
1535 2898 1584 2935 aus

272 2967 337 3020 VIII
357 2965 435 3020 110f.
453 2966 510 3019 121.
835 2954 852 2978 ¹

357 3151 416 3208 303
433 3147 590 3223 βώσονταιι
602 3148 758 3221 βοάσονται
771 3151 798 3203 Φ
813 3151 818 3216 Ι
834 3149 894 3205 304
904 3150 1014 3204 τίσουσι
1026 3149 1105 3203 ΦΕῚ..
1118 3179 1151 3189 -
1164 3145 1234 3204 όσον
1246 3191 1252 3202 .
1266 3191 1272 3202 .
1286 3193 1292 3205 .
1306 3191 1311 3203 .
1324 3143 1410 3221 ἔργον
1421 3150 1478 3220 vgl.
1490 3151 1565 3206 1399
1580 3153 1583 3220 Ι

272 3236 331 3292 305
350 3234 509 3302 δαιόμενοιε
527 3233 677 3301 δευόμενοι
694 3235 721 3288 Φ
740 3235 797 3304 vgl.
815 3233 849 3288 V.
862 3235 895 3290 19
908 3235 942 3288 Φ.
962 3264 994 3272 -
1013 3229 1193 3306 ἔπιβρίξουσι
1209 3229 1234 3288 δ
1252 3231 1365 3289 ὀδοῦσιν
1382 3234 1439 3304 ng.
1458 3234 1491 3289 V.
1508 3236 1559 3291 203
1579 3242 1581 3258 ¹

272 3319 332 3376 306
350 3318 405 3389 vgl.
426 3318 491 3372 VIII
508 3320 566 3374 352.
585 3348 618 3357 —
635 3317 803 3398 tnxbpevoc:
820 3317 984 3391 τειρόμενοι
995 3322 1028 3372 Α.
1047 3347 1080 3357 -
1098 3319 1175 3390 δίψει
1190 3320 1224 3372 Ψ.
1237 3337 1314 3374 -τε
1331 3319 1379 3391 βίη
1395 3337 1439 3374 τεε
1458 3319 1541 3388 πείνη
1552 3337 1583 3375 τε

271 3403 354 3458 Mein.
380 3407 453 3476 λιμῷ
475 3421 507 3459 τε
529 3403 604 3466 Bur„
632 3401 704 3458 doch
725 3402 781 3472 vgl.
804 3402 854 3456 das
876 3401 1011 3456 ebenfalls
1033 3403 1173 3457 schlechte
1195 3401 1295 3472 φόνοις
1316 3421 1348 3458 τε
1370 3403 1399 3456 in
1422 3397 1490 3458 VIII
1507 3405 1559 3460 352
1581 3407 1584 3472 Ι

272 3488 332 3545 307
402 3487 472 3542 VIII
490 3488 548 3542 353.
570 3486 627 3556 vgl.
649 3487 715 3540 XIII
733 3487 783 3542 118
807 3487 811 3554 Ι
835 3487 895 3543 308
917 3485 973 3556 vgl.
993 3485 1060 3540 VIH
1078 3487 1137 3542 354.
1155 3517 1187 3526 -
1205 3485 1317 3552 τρίτοις
1336 3489 1376 3553 Φ,
1402 3487 1431 3540 in
1449 3487 1516 3542 VIII
1534 3489 1585 3544 354

271 3591 288 3626 τ
313 3569 416 3637 αἰιτοός
434 3574 461 3628 Φ
480 3568 583 3637 αὐτοὺς
603 3573 631 3624 Ψ
648 3572 652 3638 Ι
669 3569 823 3626 309-312
842 3596 876 3613 ==
894 3571 960 3624 VIII
977 3571 1113 3628 355-358
1128 3573 1132 3637 Ι
1148 3571 1206 3626 311
1227 3565 1323 3640 ἰΙματ’;
1342 3566 1443 3640 σήματ’
1461 3571 1511 3626 Βτ.
1529 3570 1585 3642 ng

273 3657 338 3711 VIII
355 3658 405 3712 357
424 3659 453 3712 Ω
467 3659 472 3724 Ι
488 3655 546 3712 312
564 3661 668 3726 χειρῶν
686 3671 734 3708 aus
752 3653 817 3707 VIII
834 3655 886 3710 358
897 3654 943 3708 Rz.
960 3656 964 3722 Ι
980 3655 1039 3712 313
1058 3652 1183 3720 ὁπόσους
1199 3673 1231 3710 τε
1248 3656 1283 3708 Φ.
1301 3685 1335 3694 -
1351 3657 1471 3724 μεμήλει
1485 3659 1514 3710 Ψ
1528 3655 1585 3727 vgl.

273 3739 305 3794 V.
322 3741 373 3796 296
387 3741 392 3809 Ι
408 3743 469 3797 314
486 3739 662 3796 δικαιότατοί
677 3757 708 3794 τε
726 3739 860 3808 λογισμοί
876 3739 932 3807 vgl.
950 3739 1002 3794 VII
1020 3743 1060 3795 75.
1078 3739 1171 3794 XIV?
1190 3739 1252 3807 (XII
1269 3739 1329 3807 209)
1349 3739 1353 3806 Ι
1373 3741 1434 3797 315
1452 3733 1487 3795 δι’
1504 3737 1585 3796 αἰθο-

272 3820 361 3891 μένου
378 3832 523 3893 ποταμοῖο
542 3822 598 3892 vgl.
611 3823 644 3876 V.
657 3824 715 3878 252.
745 3821 789 3878 διὰ
810 3821 967 3891 αἰθομένου
984 3817 1029 3892 (δι’
1047 3821 1107 3880 αἰθ.
1121 3823 1219 3892 Gffek.)
1233 3823 1333 3877 Castal.
1352 3822 1543 3894 διαχθομένου
1557 3825 1584 3880 Φ

272 3925 304 3964 τε
326 3902 362 3962 δι’
378 3904 543 3979 ἀχθομένου
569 3909 597 3961 Ψ
618 3909 623 3974 Ι
647 3907 707 3964 316
726 3901 842 3973 ἄξουσιν
860 3911 949 3963 Anon.
974 3907 1060 3963 Lond.
1083 3904 1184 3974 ἄξουσι
1209 3909 1275 3963 ΦΨ.
1293 3937 1326 3946 -
1343 3907 1404 3963 καλε
1430 3925 1462 3964 τε
1482 3909 1533 3964 καί
1557 3910 1586 3962 Ψ

273 3993 335 4046 Bur.
359 3995 364 4062 Ι
388 3994 447 4050 317
465 3990 593 4063 μεγάλου
610 3997 634 4046 Α
659 3994 663 4058 Ι
687 3991 747 4047 318
764 3991 821 4061 vgl.
839 3991 905 4046 VIII
922 3993 981 4046 211.
999 4023 1032 4032 -
1050 3987 1130 4048 οἰνου
1147 3990 1261 4061 μέλιτός
1277 4010 1309 4047 τε
1326 3989 1469 4062 γάλακτος
1486 3991 1585 4064 Ορεορ.

274 4069 352 4132 οἴνου
369 4074 401 4132 τὲ
416 4073 530 4144 μέλιτος
547 4074 724 4145 γάλακτοςΡ
744 4072 823 4132 οἴνου
840 4095 870 4130 τε
889 4073 1003 4143 μέλιτος
1019 4077 1069 4131 καί
1085 4074 1229 4147 γάλακτος
1240 4080 1265 4130 Δ
1282 4071 1307 4130 τ’
1326 4069 1406 4132 οἰνου
1422 4093 1454 4131 τε
1470 4073 1585 4145 μέλιτος

272 4158 415 4230 γάλακτος
435 4162 480 4228 ΨΙ
497 4160 567 4216 319.
586 4160 644 4216 320
662 4185 704 4212 τε.
716 4161 777 4214 VIII
795 4161 873 4216 2091.
892 4160 972 4226 (281.)
990 4161 1046 4230 ng
1064 4162 1091 4214 II
1102 4163 1137 4217 30
1145 4161 1164 4215 f.
1179 4162 1184 4228 Ι
1199 4160 1270 4216 319.
1289 4159 1349 4216 320
1367 4176 1397 4214 ιο
1418 4162 1455 4228 ’λίς
1474 4155 1585 4230 γαῖαδ

273 4240 319 4314 ἴση
336 4264 365 4300 τι.
385 4243 420 4300 οἰι
436 4264 460 4301 τ.
474 4240 509 4300 οδ
520 4262 548 4299 τι.
565 4246 569 4312 Ι
584 4241 788 4314 έκμεριζομένη
801 4245 877 4313 (VIII
889 4247 940 4300 210
957 4240 989 4299 έκ
1006 4243 1035 4300 δὲ
1046 4242 1219 4316 μεριζομένη
1232 4245 1259 4298 Φ
1278 4241 1527 4315 έκδιαμεριζομένη
1547 4245 1585 4312 VJ)

272 4349 297 4383 κ.
314 4347 338 4384 τ.
356 4333 402 4385 πλ.
422 4325 494 4385 σίσει
512 4329 540 4382 Φ
553 4334 558 4394 Ι
574 4329 632 4385 321
649 4329 705 4399 vgl.
718 4329 782 4383 VIII
795 4330 845 4386 208
864 4327 940 4397 (XIV
951 4329 1020 4396 354).
1032 4359 1065 4368 -
1076 4329 1174 4394 ιιοινός
1189 4347 1221 4386 τε
1232 4329 1296 4401 βίος
1313 4346 1362 4382 aus
1379 4328 1444 4382 VIII
1456 4329 1507 4384 208
1518 4327 1565 4382 Ra.
1580 4331 1583 4394 ζ

272 4412 333 4469 323
352 4409 387 4470 οὐ
404 4415 505 4478 δοῦλος
521 4414 577 4484 vgl.
596 4413 659 4468 XIV
677 4415 736 4468 352.
753 4444 786 4452 -
806 4409 840 4468 οὐ
852 4453 858 4466 .
872 4455 878 4469 .
892 4453 916 4466 ..
935 4413 1048 4483 μικρόςι
1071 4405 1131 4468 οὔτ’
1148 4407 1185 4486 ἂρ
1202 4415 1302 4478 δοῦλος
1319 4406 1343 4466 δ
1361 4409 1396 4468 οὐ
1412 4409 1503 4484 μέγας
1520 4405 1585 4468 οὔτε

272 4497 374 4568 μικρός
389 4493 541 4553 111.-οὐδ’
558 4498 670 4552 Wilam.
690 4492 749 4553 οὔτ’
768 4499 843 4564 ΦΨΙ
860 4497 920 4554 324
937 4497 1000 4552 Ans.
1013 4522 1047 4540 =
1059 4496 1124 4551 VIII
1137 4499 1193 4552 111.
1207 4527 1241 4536 -·
1252 4504 1356 4563 κοινῶς
1373 4490 1433 4566 ἅμα
1447 4499 1474 4553 Φ
1492 4499 1586 4554 κοινοί

274 4575 298 4632 δ’
315 4575 376 4650 ίίμα
393 4583 499 4637 Mein?
