3774 5596
746 551 822 619 XIV,
841 553 950 608 16—66.

303 709 399 790 ούτοι
421 725 597 806 τεθνηῶτι
618 715 713 800 κόνις
735 713 929 807 περικείσετ’
955 709 1095 803 ἐλαφρή,

302 814 388 888 άλλά
409 825 504 888 κυσὶν
526 823 706 907 μέλπηθρα
728 823 783 886 καὶ
806 822 943 898 οἰωνοῖς
966 845 1002 886 τε
1026 812 1141 894 λύκοις
1164 840 1202 882 τε

305 919 444 1000 ἔσσεται,
469 911 592 990 ούνεκα
615 923 721 1007 δῆμον
742 912 875 1006 Ἀρήιον
896 912 1092 1004 ἐξενάριξεν.

389 1015 453 1088 τὸν
473 1023 558 1107 μέτα
581 1012 820 1105 τεσσαράκοντ’
844 1013 1003 1106 ἀριθμῶν
1024 1013 1115 1100 ἄρξει
1136 1009 1260 1093 κλυτὸς
1278 1010 1384 1093 ἄλλος

307 1123 530 1206 Παρθολέτης
553 1121 809 1205 Γερμανολέτης
832 1121 941 1205 θῆρας
962 1111 1153 1194 καταλύσας

304 1218 435 1300 δεινούς
457 1213 703 1303 ἀνδροφόνους,
726 1221 761 1285 οἳ
782 1215 830 1285 ἐπ’
858 1213 1024 1286 ὠκεανοῖο
1047 1214 1166 1302 ῥοῇσιν

305 1313 363 1407 ήδὲ
384 1324 441 1387 καὶ
464 1312 648 1403 Εύφράταο
673 1321 852 1404 διηνεκέως
877 1319 1068 1401 ἐφέπουσιν.

302 1424 358 1488 καί
379 1410 461 1486 τότε
483 1414 523 1504 δή
544 1411 651 1504 Ῥώμη
673 1412 778 1485 πάλιν
802 1419 932 1486 ἔσσεται
954 1411 1003 1495 ῶς
1025 1412 1066 1485 τό
1089 1420 1172 1500 πρὶν
1195 1403 1262 1501 ήεν.

390 1511 498 1604 αὐτὰρ
521 1513 607 1602 ἐπήν
630 1519 748 1602 έλθησι
769 1520 870 1603 μέγας
892 1511 994 1595 λύκος
1017 1517 1054 1582 ἐν
1076 1517 1233 1592 δαπεδοῖς
1256 1507 1317 1594 οἶς,

303 1621 463 1703 κοίρανος
485 1619 522 1685 ἐκ
544 1619 680 1702 δυσμῶν
702 1614 818 1698 ἐπιβάς
839 1619 1020 1702 μετέπειτα
1042 1622 1197 1681 θανεῖται

301 1709 394 1803 Ἄρηι
416 1719 570 1804 κρατερῷ
594 1719 808 1803 δεδαϊγμένος
830 1708 897 1799 όξέι
919 1717 1045 1800 χαλκῷ.

390 1821 445 1885 καὶ
468 1812 548 1885 τότε
571 1810 599 1882 δ)
624 1805 698 1883 αὖτ’
721 1811 814 1903 ἄρξει
837 1816 913 1902 [καὶ]
936 1807 1154 1900 ύπερμενέων
1174 1805 1350 1897 Ῥωμαίων

306 1911 410 1995 ἄλλος
426 1908 523 2002 ’Ἁρης
545 1909 738 2001 μεγάθυμος
761 1907 817 1984 ἄπ’
839 1911 1008 2001 Ἀσσυρίης
1029 1907 1237 1998 ἄναδειχθείς

306 2010 501 2102 γράμματος
523 2007 713 2100 ἄρχομένου
733 2019 909 2101 πολέμοισί
931 2039 969 2081 τε
990 2005 1095 2083 πάνθ’
1119 2005 1280 2096 ύποτάξει

181 2146 194 2182 ε
306 2109 410 2194 αάτός
431 2119 486 2182 καὶ
509 2119 706 2198 στρατιῇσιν
728 2105 813 2198 ὁμοῦ
835 2106 942 2200 άρχήν
964 2114 1118 2196 ἐπιδείξει

306 2221 362 2282 καὶ
384 2211 530 2298 θεσμοὺς
553 2207 663 2298 θήσει·
687 2211 769 2297 ταχύ
792 2207 821 2281 δ’
843 2207 951 2280 αὐτὸν
972 2205 1114 2296 χάλκεος
1130 2204 1229 2296 Ἆρης

308 2315 452 2398 ἐξολέσει
475 2317 638 2382 δολίοιοιν
660 2313 715 2379 ἐπὶ
737 2317 913 2398 στρατιῇοι
934 2306 1090 2380 πεσόντα.

392 2410 456 2482 τὸν
477 2415 561 2500 μέτα
584 2427 672 2498 τρεῖς
695 2407 852 2497 ἄρξουσιν
872 2406 1033 2497 ὑπέρβιον
1055 2401 1140 2497 ἦτορ
1162 2409 1306 2494 ἔχοντες,

306 2503 343 2593 ός
365 2517 427 2599 μὲν
449 2513 537 2598 έχων
559 2507 707 2597 ἄριθμόν
729 2505 885 2597 μονάδος,
908 2504 1059 2578 δεκάδων
1083 2513 1121 2578 δέ
1141 2534 1177 2576 τε
1199 2511 1348 2594 τρισσῶν

305 2609 360 2692 είς,
384 2611 498 2697 ἕτερος
517 2615 551 2680 δὲ
574 2609 658 2694 ἄναξ
680 2637 718 2678 τε
741 2615 960 2698 τριηκοσίοισι
981 2615 1126 2694 μεθέξει·

305 2713 460 2795 σχέτλιοι,
485 2714 518 2779 οἳ
537 2705 663 2796 χρυσόν
686 2716 802 2779 τεκαὶ
824 2706 974 2797 ἄργυρον
995 2710 1034 2776 ἐν
1055 2712 1134 2793 πυρὶ
1157 2711 1278 2794 πολλῷ

303 2807 521 2895 χωνεύσουσι,
544 2815 639 2878 ναῶν
660 2806 824 2895 ἱδρύματα
844 2804 1105 2898 χειροποιήτων,

303 2915 360 2979 καὶ
383 2925 554 2996 στρατιαῖς
576 2907 743 2978 δῶσουσιν
765 2902 982 2996 δπλιζόμενοι
1003 2913 1080 2994 περὶ
1103 2912 1195 2992 νίκης

304 3005 467 3098 χρήματα,
492 3003 689 3096 δασσάμενοι
711 3002 864 3095 κειμήλια
885 3007 997 3077 πολλὰ
1019 3012 1076 3076 καὶ
1097 3001 1216 3076 ἐσθλά·

305 3105 417 3195 αίσχεά
439 3135 476 3177 τε
498 3113 672 3195 μεμαῶτες
693 3110 775 3188 ἴσως
798 3103 1069 3196 διαδηλήσονται,

307 3206 462 3291 ίοβόλους
484 3203 645 3293 Πάρθους
667 3235 704 3275 τε
725 3204 922 3296 βαθυρρόου
944 3201 1131 3294 Εᾶφράταο

265 3379 305 3435 53
328 3378 384 3446 vgl.
402 3377 467 3431 XIII
486 3379 543 3432 152.
563 3409 594 3416 -
614 3378 652 3434 62
675 3379 894 3448 χειροποιήτωνι
918 3377 1123 3447 gedankenlose
1140 3377 1303 3444 Benutzung
1325 3374 1399 3428 einer
1417 3375 1490 3444 pole·

182 3461 305 3517 mischen
324 3461 445 3530 Vorlage
463 3461 514 3515 wie
533 3479 554 3514 ι.
573 3462 603 3514 Β.
621 3463 660 3514 III
680 3463 738 3515 606.
757 3461 814 3516 618.

265 3613 302 3668 41
324 3607 404 3668 οὔτοι
422 3613 499 3665 Alex.
524 3603 602 3666 οὗτοι
620 3611 695 3677 QVII
714 3605 750 3666 οὔ
766 3629 793 3666 τι
811 3612 848 3666 M.
866 3641 899 3650 -
917 3614 1057 3680 τεθνηῶτι
1074 3611 1130 3665 Μαί
1148 3609 1281 3677 τεθνηότι
1299 3611 1327 3664 Ω
1346 3612 1351 3676 Ι
1369 3611 1409 3665 42
1427 3611 1491 3664 κυσί

180 3699 216 3750 Ω.
233 3726 266 3736 -
284 3695 436 3768 μέλπηθρα
459 3695 516 3750 Mai
538 3694 682 3770 μέλπιθρα
706 3697 734 3750 Ω
757 3697 762 3764 Ι
785 3695 825 3750 44
847 3695 897 3752 τὸν
915 3695 972 3748 Mai
989 3701 1047 3750 τῶν
1065 3697 1094 3749 Ω
1114 3698 1118 3762 Ι
1137 3695 1176 3750 48
1194 3685 1285 3762 Ῥώμη
1309 3692 1393 3750 πάλιν
1410 3693 1489 3750 Alex.

179 3779 263 3838 πάλιν
281 3779 365 3850 ῥώμη
388 3783 424 3836 Ω.
452 3811 484 3820 -
512 3776 622 3836 ἔσσεται
646 3822 651 3832 .
671 3825 677 3837 .
700 3779 750 3852 ἦεν
772 3781 828 3851 ng.
846 3782 872 3834 II
891 3781 923 3834 33
943 3781 948 3847 Ι
968 3781 1007 3836 49
1026 3773 1069 3844 οίς
1086 3778 1198 3833 Wilam.
1223 3785 1284 3844 σοῖς
1302 3781 1330 3832 Ω
1352 3780 1356 3846 Ι
1376 3779 1413 3834 51
1433 3780 1490 3848 vgl.

179 3867 230 3920 XII
247 3869 288 3922 08.
307 3897 340 3904 -
358 3868 396 3922 51
416 3865 479 3921 Ans.
499 3865 555 3935 vgl.
574 3867 639 3921 XIII
658 3869 715 3921 146.
728 3860 847 3937 -Ἄρηι
865 3865 942 3920 Alex.
961 3859 1024 3938 ἄρει
1041 3865 1091 3918 καί
1109 3865 1144 3918 Ω.
1162 3893 1196 3903 -
1213 3861 1396 3932 δεδαϊγμένος
1412 3861 1489 3917 Alex.

179 3949 346 4021 δεδεγμένος
363 3952 391 4004 Ω
407 3951 411 4018 Ι
427 3951 465 4006 52
484 3952 538 4019 vgl.
558 3953 581 4004 II
602 3955 659 4006 174.
678 3952 742 4004 XIII
759 3952 801 4005 81.
816 3953 872 4006 155.
891 3979 923 3988 -
941 3944 1021 4016 ἄρξει
1032 3950 1082 4004 καὶ
1094 3947 1174 4001 MVII
1186 3943 1304 4020 ἄρξουσι
1315 3949 1364 4002 καί
1376 3947 1398 4013 Q
1411 3941 1492 4019 ἄρξει

180 4035 266 4090 Gffck.
286 4035 341 4104 ng.
359 4035 411 4088 XII
429 4037 469 4090 57.
487 4035 551 4088 XIV
570 4037 627 4090 127.
650 4039 721 4090 186.
741 4029 853 4105 ἄρξειεν
871 4037 918 4090 Rz.
941 4037 946 4103 Ι
969 4035 1008 4091 53
1020 4028 1106 4106 Ἄρηςε
1129 4030 1199 4104 ἀνὴρ
1219 4033 1317 4088 Alex?
1341 4033 1345 4100 Ι
1369 4032 1409 4089 54
1426 4033 1489 4086 Ans.

178 4146 212 4163 =
225 4120 250 4174 V
270 4123 302 4174 13
325 4121 330 4186 Ι
354 4119 395 4176 55
413 4117 503 4192 ἀρχὴν
520 4121 598 4174 Alex.
622 4117 710 4190 ἀρχῆς
728 4121 757 4174 Ω
780 4122 785 4189 Ι
808 4121 847 4177 56
860 4121 923 4173 Αυί.
941 4146 974 4163 --
987 4109 1012 4172 V
1031 4121 1072 4174 19.
1097 4147 1131 4156 -
1157 4116 1227 4187 ταχύ
1245 4159 1252 4173 .
1265 4157 1271 4169 .
1284 4157 1291 4170 .
1309 4117 1348 4173 57
1368 4113 1491 4183 ἐξολέσει

177 4204 336 4258 =v.19f.
360 4205 364 4270 Ι
389 4203 428 4260 58
446 4205 508 4258 Ans.
526 4231 559 4247 =
572 4205 597 4257 V
615 4209 647 4260 51
672 4208 676 4274 Ι
700 4206 740 4262 60
765 4224 796 4261 τε
822 4205 1006 4278 τριηκοσίοισι
1029 4203 1107 4256 Alex.
1134 4221 1164 4257 τε
1190 4202 1362 4274 τριηκοσίαις
1379 4202 1408 4256 Ω
1429 4207 1491 4266 τοῖς

176 4289 348 4357 τριηκοσίοις
364 4288 445 4342 Mdls.
464 4287 520 4359 ng.
538 4287 571 4342 V.
595 4291 643 4344 126
659 4291 663 4358 Ι
679 4291 716 4345 61
739 4287 868 4360 σχέτλιοι,
892 4285 919 4345 οἳ
937 4289 994 4342 Μαί
1013 4285 1142 4358 σχέτλιον
1159 4288 1187 4340 Ω
1202 4293 1206 4354 Ι
1222 4285 1260 4343 62
1276 4285 1450 4356 χωνεύσουσι
1468 4285 1490 4351 Q

176 4371 334 4442 χωνεύουσι
347 4373 435 4428 MVH.
448 4403 481 4412 -
493 4381 582 4428 ναῶνι
601 4379 680 4430 θεῶν
697 4373 744 4428 Rz.
757 4405 790 4413 -
803 4371 941 4445 ίδρέματα
958 4373 1165 4443 χειροποιήτων
1182 4369 1238 4439 vgl.
1256 4371 1340 4428 11131
1356 4373 1361 4439 Ι
1376 4372 1416 4428 64
1428 4373 1490 4426 δασ-

176 4453 296 4525 σάμενοι
314 4457 393 4512 Alex.
408 4459 413 4527 Ι
429 4460 468 4517 65
487 4455 587 4530 αίσχεᾶ
605 4477 636 4514 τε
654 4465 804 4527 μεμαῶτες
822 4455 889 4522 ίσως
908 4460 936 4512 Ω
954 4451 982 4522 ἐς
999 4475 1030 4512 τε
1048 4455 1144 4526 μάχας
1160 4453 1304 4524 μεμάασιν
1323 4451 1390 4521 ἴσως
1408 4455 1488 4510 Mdls.

176 4537 265 4608 ἀλκῆς
280 4541 310 4598 δέ
327 4549 477 4611 μεμαῶτες
495 4539 562 4610 ἴσως
574 4543 629 4606 Βι,
649 4543 719 4598 doch
742 4543 811 4596 Ιϊιεεί
829 4543 873 4598 dio
891 4530 1102 4610 Uberliefemng
1120 4541 1179 4594 sich
1197 4539 1305 4596 halben:
1324 4539 1369 4594 die
1386 4539 1491 4594 V6lker

179 4623 242 4678 sind
266 4626 432 4696 Apposition
455 4647 488 4683 zu
512 4625 611 4698 αίσχεα
635 4627 862 4698 ΙθοίιεαδίίεσὶιεΙι
887 4625 999 4679 WiIam.
1015 4626 1019 4694 Ι
1034 4625 1073 4682 66
1091 4626 1153 4679 Anf.
1171 4625 1227 4695 ng.
1245 4623 1295 4679 XII
1314 4627 1355 4680 40.
1373 4653 1406 4665 -
1424 4625 1490 4680 Zum

178 4709 289 4764 Genifiv
307 4712 474 4785 βαθυρρόου
495 4711 647 4786 Εὔφράταο
667 4713 723 4783 vgl.
743 4711 813 4766 auch
831 4711 864 4766 V.
883 4712 940 4767 101.
