3790 5570
359 503 378 562 2
943 493 1086 562 Sibyllina.

358 688 384 727 εο
427 653 592 739 ῶσαύτως
638 662 702 727 τοῦ
741 663 914 745 ζῳοπσισῦ
949 654 1084 738 πάθους
1124 653 1231 728 αὐτοῦ
1268 663 1324 728 καὶ
1364 661 1426 744 τῆς
1461 660 1497 726 ἐκ
1535 661 1667 742 νεκρῶν

430 763 612 846 τριημέρου
646 761 806 846 έγέρσεως
840 763 896 826 καὶ
931 762 992 844 τῆς
1025 755 1214 846 μελλούσης
1248 763 1404 846 γενέσθαι
1436 763 1578 846 κρίσεως
1612 761 1668 826 καί

428 850 692 938 άνταπσδόσεως
715 849 766 926 ῶν
787 860 825 928 έν
846 861 897 944 τῷ
920 863 982 944 βίῳ
1006 855 1121 946 τούτῳ
1138 852 1327 945 ἐπράξαμεν
1343 849 1503 936 άπαντες·
1581 852 1667 942 πρὸς

427 953 565 1039 τούτοις
592 956 635 1027 τὰ
661 959 698 1024 έν
724 975 798 1037 ταῖς
825 963 1020 1037 Μωσαίκαίς
1041 976 1185 1047 γραφαῖς
1206 965 1262 1027 καί
1284 974 1358 1038 ταῖς
1379 961 1454 1025 τῶν
1474 960 1668 1072 προφητῶν

426 1065 553 1141 βίβλοις
581 1055 773 1146 δηλούμενα
799 1063 877 1142 περί
904 1084 940 1124 τε
970 1062 1031 1144 τῆς
1056 1062 1216 1146 κοσμικῆς
1241 1063 1384 1136 κτίσεως
1411 1059 1498 1143 (καί)
1521 1059 1583 1144 τῆς
1605 1060 1669 1126 τοῦ

360 1187 387 1226 εε
429 1151 620 1245 άνθρῶπσυ
651 1152 809 1237 πλάσεως
843 1161 898 1223 καὶ
923 1155 1128 1239 ἐκπτώσεως
1158 1161 1221 1228 τοῦ
1251 1161 1455 1242 παραδείσου
1483 1161 1539 1225 καί
1571 1145 1670 1236 αὖθις

427 1250 651 1338 άναπλάσεως
678 1262 813 1344 τρανῶς
841 1251 1115 1342 διαλαμβάνουσι·
1199 1264 1278 1344 περί
1300 1282 1407 1325 τινων
1429 1249 1627 1342 γεγονότων
1647 1249 1669 1342 ἠ

426 1362 481 1425 καὶ
503 1360 584 1436 ίσως
613 1361 851 1444 γενησομένων
877 1360 1045 1438 ποικίλως
1070 1361 1288 1444 προλέγουσι·
1323 1361 1378 1424 καὶ
1410 1349 1530 1434 ἁπλῶς
1561 1358 1668 1424 είπείν

425 1453 466 1525 σά
487 1461 616 1544 μικρῶς
639 1451 787 1540 ῶφελεῑν
809 1453 891 1538 τσῦς
915 1451 1184 1542 ἐντυγχάνοντας
1207 1453 1378 1524 δύνανται.

509 1563 660 1638 Σίβυλλα
697 1559 732 1624 δὲ
761 1549 925 1644 Ῥωμαίκῆ
961 1561 1046 1640 λέξις
1082 1555 1328 1643 ἑρμηνευσμένη
1359 1557 1532 1643 προφῆτις
1562 1546 1670 1639 ἤγουν

428 1652 561 1744 μάντις·
607 1647 692 1724 ὅθεν
726 1655 776 1723 ἑνί
812 1649 956 1743 ὀνόματι
986 1657 1020 1724 αί
1051 1649 1186 1741 θήλειαι
1216 1650 1374 1739 μάντιδες
1409 1647 1668 1740 ω’νσμάσθησαν.

428 1762 594 1874 Σίβυλλαι
624 1760 756 1837 τοίνυν,
788 1751 836 1836 ῶς
865 1761 990 1826 πολλοί
1022 1755 1187 1871 ἔγραψαν,
1219 1749 1395 1841 γεγόνασιν
1425 1753 1462 1820 ίν
1492 1745 1669 1838 διαφόροις

426 1851 562 1942 χρόνοις
592 1860 648 1924 καὶ
679 1849 799 1934 τόποις
831 1853 893 1924 τόν
924 1848 1071 1941 άριθμὸν
1102 1857 1189 1922 δέκα.
1233 1851 1355 1938 πρῶτη
1388 1843 1451 1920 οὖν
1473 1878 1493 1938 η
1484 1845 1669 1919 Χαλδαία

428 1947 534 2041 ἦγσυν
566 1947 586 2039 ἡ
613 1950 779 2040 Περσίς(
759 1981 779 2043 η
805 1962 911 2041 κυρίῳ
941 1948 1084 2040 ὀνόματι
1110 1959 1301 2073 καλουμένη
1328 1947 1510 2039 Σαμβὴθη,
1543 1953 1580 2018 ίκ
1607 1954 1670 2019 τοῦ

427 2058 543 2140 γένους
574 2053 657 2122 οὐσα
688 2059 752 2123 τοῦ
780 2048 1045 2140 μακαριωτάτου
1076 2059 1170 2136 Νῶε,
1207 2079 1228 2140 η
1259 2049 1303 2122 τά
1335 2047 1423 2120 κατὰ
1451 2044 1669 2134 Ἀλέξανδρον

429 2151 493 2222 τὸν
515 2147 697 2222 Μακεδόνα
725 2157 887 2241 λεγομένη
907 2158 1157 2241 προειρηκέναι·
1180 2179 1219 2239 ης
1240 2147 1441 2240 μνημονεύει
1464 2145 1626 2270 Νικάνωρ
1649 2141 1667 2216 6

427 2249 492 2322 τόν
522 2246 742 2338 Ἀλεξάνδρου
771 2258 846 2336 βίον
876 2248 1068 2340 ἱστορήσας·
1105 2256 1244 2339 δευτέρα
1275 2257 1433 2335 Λίβυσσα,
1466 2277 1504 2335 ης
1534 2273 1669 2336 μνημην

428 2347 612 2440 ἐποιήσατο
635 2346 818 2440 Εὐριπίδης
844 2353 882 2420 ἐν
908 2355 959 2438 τῷ
981 2346 1143 2439 προλόγῳ
1171 2356 1233 2438 τῆς
1259 2357 1399 2438 Λαμίας·
1427 2356 1525 2436 τρίτη
1549 2353 1669 2434 Δελφίς

428 2479 449 2539 η
439 2446 508 2522 έν
531 2457 674 2536 Δελφοῖς
697 2459 862 2537 τεχθεισα,
885 2457 960 2538 περὶ
984 2477 1023 2537 ης
1046 2467 1117 2519 ειπε
1140 2447 1340 2536 Χρύσιππος
1362 2453 1399 2518 έν
1422 2453 1472 2536 τῷ
1495 2455 1573 2537 περὶ
1594 2443 1670 2516 θεόν

428 2577 532 2639 τητσς
552 2557 685 2638 βιβλίῳ·
714 2547 858 2638 τετάρτη
880 2546 900 2637 ἡ
923 2545 1064 2638 Ἰταλικὴ
1088 2544 1109 2637 ἦ
1131 2551 1168 2618 ἐν
1192 2554 1354 2639 Κιμμερίη
1377 2553 1437 2636 τῆς
1458 2543 1606 2630 Ἰταλίας,
1629 2539 1668 2634 ἧς

428 2649 500 2731 υίὸς
522 2652 656 2736 ἐγένετο
676 2641 846 2736 Εὔανδρος
868 2645 886 2718 6
910 2646 951 2718 τὸ
975 2651 1011 2718 ἐν
1025 2643 1132 2734 ίΡῶμη
1154 2654 1218 2717 τοῦ
1233 2647 1346 2729 Πανός
1367 2645 1460 2734 ἱερὸν
1482 2645 1522 2717 τὸ
1545 2644 1667 2718 καλού-

428 2777 533 2837 μενον
554 2745 755 2836 Λούπερκον
784 2756 912 2830 κτίσας·
943 2755 1080 2836 πέμπτη
1112 2742 1334 2869 η’λδρυθραία
1365 2743 1385 2834 ἡ
1415 2753 1470 2816 καὶ
1500 2753 1577 2834 περὶ
1607 2750 1671 2816 τσῦ

433 2851 585 2935 Τρωικοῦ
607 2867 827 2934 προειρηκυια
842 2853 1003 2936 πολέμου
1025 2851 1129 2933 περὶι
1125 2839 1462 2934 ΙςἊπσλλόδωροςό
1476 2840 1670 2932 Ἐρυθραῖος

429 2948 731 3046 διαβεβαιοῦται·
729 2951 799 3065 ’κτη
825 2943 845 3034 ἡ
867 2941 1026 3033 Σαμία
1008 2975 1027 3034 η
1049 2940 1197 3034 κυρίω
1179 2941 1322 3034 σνόματι
1344 2951 1531 3034 καλουμένη
1556 2943 1669 3028 Φντῶ,

429 3047 557 3134 περὶ
540 3075 580 3133 ης
616 3047 762 3132 ἔγραφεν
790 3039 1048 3135 Ἐρατοσθένης·
1085 3040 1207 3133 ἑβδόμη
1243 3041 1264 3134 ἡ
1296 3040 1478 3134 Κυμαίαι
1458 3073 1479 3132 η
1509 3049 1670 3133 λεγομένη

359 3177 387 3218 ιε
428 3141 651 3235 Αμάλθεια(
632 3174 652 3234 η
673 3151 728 3224 καί
743 3139 911 3234 Ἐρσφίλη,
934 3141 1026 3234 παρά
1044 3167 1111 3214 τισι
1133 3149 1168 3214 δὲ
1187 3141 1412 3232 Ταραξάνδρα
1435 3150 1612 3232 Βεργίλισς
1635 3149 1671 3213 δὲ

445 3282 484 3338 29
497 3283 639 3354 Σίβυλλα.
652 3325 658 3338 .
672 3323 677 3334 .
692 3283 744 3337 ,22
758 3323 765 3337 .
778 3325 784 3337 .
798 3323 803 3335 .
816 3281 883 3336 δέκα
895 3307 928 3325 =
941 3280 1670 3350 clnb.Theons.120,15-121‚1Bur.)snda2112,

360 3385 386 3438 p.
410 3369 467 3432 742,
487 3368 586 3421 13-17
605 3367 670 3436 Ινςλ.
688 3366 831 3422 Δαευδοίε
848 3367 973 3420 Parisina
991 3367 1032 3420 ed.
1051 3367 1161 3420 Cramer
1177 3365 1190 3418 1
1207 3367 1269 3424 332,
1289 3365 1398 3433 19-21Ι
1409 3365 1488 3420 -22
1505 3361 1605 3436 πρώτη

361 3453 450 3508 26...
464 3448 614 3521 ἱστορήσας
624 3451 697 3505 Suid.
707 3469 732 3520 p.
744 3453 800 3515 741,
812 3450 978 3516 1312-1-740,
989 3451 1097 3506 14-18.
1110 3449 1213 3504 Anecd.
1223 3449 1284 3504 Par.
1295 3467 1349 3503 αα.
1356 3450 1386 3504 0.
1396 3449 1546 3507 22ff.-86
1555 3447 1670 3521 δευτέρα

360 3535 457 3591 ...41
473 3576 516 3590 ...
534 3535 634 3599 κτίσας
656 3534 711 3604 vgl.
730 3535 860 3590 Scholion
878 3552 912 3588 τα
929 3535 1044 3589 Ρίείσοε
1062 3534 1196 3589 Phaidros
1207 3537 1259 3589 ‘244
1271 3535 1301 3601 Β,
1319 3533 1368 3588 das
1386 3551 1442 3588 von
1459 3533 1533 3588 allen
1552 3533 1671 3589 anderen

362 3621 470 3690 Zeugen
488 3637 533 3673 nm
553 3617 729 3672 nhnlichsten
745 3619 790 3684 ist,
807 3637 859 3672 nur
876 3620 950 3673 steht
967 3619 1016 3672 dan
1035 3619 1109 3672 Citnt
1125 3637 1173 3672 nus
1185 3619 1380 3673 Eratosnhenes
1391 3618 1456 3688 (vgl.
1470 3619 1495 3671 Z.
1508 3620 1552 3685 44)
1564 3618 1623 3672 hier
1636 3635 1671 3670 nn

359 3704 478 3758 falsnher
486 3703 658 3758 &eun—ss
669 3700 826 3771 πέμπτη
837 3703 876 3756 42
945 3703 1071 3772 πολέμου
1084 3703 1241 3773 vgl.Snida,s
1252 3701 1554 3770 741,”17-742.1.-42
1564 3703 1670 3774 περί...

361 3789 401 3844 43
414 3789 626 3859 διαβεβαιοῦται
635 3787 690 3858 vgl.
701 3786 790 3841 Schol.
800 3787 870 3842 Plat.
881 3819 913 3826 —
923 3788 962 3844 43
972 3783 1038 3856 ἕκτη
1049 3829 1054 3840 .
1067 3788 1138 3843 ..44
1147 3781 1351 3858 Ἐρατοσθένης
1359 3813 1393 3830 =
1402 3785 1475 3841 Suid.
1486 3788 1543 3851 742,
1555 3787 1628 3842 1-3.
1637 3815 1671 3824 -

360 3873 397 3927 44
414 3866 556 3945 ἑβδόμη..
571 3871 627 3928 ,46
641 3912 647 3924 .
661 3912 686 3925 ..
704 3872 849 3942 θυγατέρα
885 3873 940 3942 vgl.
958 3872 1047 3928 Schol.
1067 3873 1138 3926 Plan.
1156 3872 1225 3926 Tiib.
1243 3873 1338 3928 Theos.
1357 3871 1382 3925 S.
1402 3873 1459 3926 121.
1477 3876 1493 3926 4
1510 3872 1574 3926 Bur.

444 3972 485 4028 24
502 3974 550 4028 καί
570 3979 621 4040 τῆς
638 3971 735 4026 Ηαιίσλ
752 3979 802 4040 τῆς
820 3975 847 4027 Φ
863 3975 867 4040 Ι
883 3973 922 4029 28
940 3973 1006 4039 τοὺς
1023 3970 1248 4043 ἐντυγχάνοντας
1266 3968 1387 4042 ὠφελεῖν
1404 3973 1426 4026 δ.
1447 3973 1474 4026 Φ
1490 3992 1526 4022 ω
1537 3971 1649 4026 Wilam.
1665 3971 1668 4040 Ι

360 4059 400 4114 29
413 4059 537 4130 Σίβυλλα
548 4097 555 4112 .
565 4099 572 4112 .
582 4097 605 4112 ..
619 4057 707 4113 20...
722 4052 936 4126 ὠνομάσθησαν
945 4058 1016 4111 nnoh
1029 4059 1065 4114 31
1081 4059 1231 4129 Σίβυλλαι.
1243 4098 1248 4110 .
1260 4097 1282 4111 ..
1296 4057 1352 4112 22.
1364 4097 1403 4113 ...
1416 4055 1483 4111 δέκα
1496 4059 1523 4112 Φ
1535 4077 1571 4106 ω
1580 4055 1671 4109 Mans

359 4141 431 4196 nach
448 4141 551 4196 Aneod.
564 4143 626 4196 Ρεπ.
639 4142 651 4194 Ι
664 4143 714 4196 222
734 4143 738 4208 Ι
760 4142 798 4197 23
810 4142 898 4215 κυρίῳ
917 4143 990 4197 Suid.
1008 4143 1111 4212 κυρίως
1123 4143 1150 4195 Φ
1171 4143 1174 4208 Ι
1196 4141 1235 4197 34
1252 4139 1337 4197 πυτία
1355 4139 1428 4197 κατὰ
1446 4141 1496 4196 τὸν
1509 4146 1533 4194 Α
1548 4143 1553 4205 Ι
1569 4141 1609 4197 25
1622 4141 1670 4196 Νι-

358 4225 468 4298 κάνωρι
487 4223 592 4291 ίκανῶς
610 4227 637 4280 Φ
662 4229 666 4293 Ι
690 4227 729 4283 26
747 4227 887 4299 Λίβυσσαι
909 4229 1023 4299 σίβνλλα
1042 4225 1145 4294 Φ12θ
1162 4226 1308 4300 Κιμμερίη
1327 4225 1400 4278 Suid.
1418 4227 1503 4300 μερίη
1522 4227 1550 4280 Φ
1568 4221 1670 4298 ἐρημίη

360 4311 451 4365 Schol.
474 4309 546 4363 Plan.
570 4311 715 4384 Κιμμερίη
744 4311 846 4376 Manus,
881 4313 937 4383 vgl.
964 4311 1036 4366 Plin.
1063 4313 1119 4363 nab.
1141 4310 1169 4366 h.
1191 4311 1275 4374 1115,
1296 4313 1331 4364 611
1357 4313 1360 4376 Ι
1388 4309 1423 4364 ss
1447 4307 1617 4381 Λσάπερκσν
1643 4310 1669 4363 Φ

359 4394 449 4449 Senon
471 4394 543 4448 Plan.
572 4392 753 4466 Λουπέρκισν
773 4395 899 4452 Clemens
917 4395 995 4451 Alex.
1014 4395 1112 4449 βίασαι.
1130 4395 1142 4448 Ι
1161 4395 1206 4458 21,
1226 4395 1282 4450 108.
1317 4392 1535 4466 Λουπερκάλιον
1553 4393 1644 4447 Mans

361 4479 400 4536 45
418 4473 569 4546 ’Λμσίλθεια
588 4479 678 4532 Schol.
696 4478 804 4534 Platon.
817 4481 919 4535 Anecd.
932 4481 993 4534 Par.
1005 4479 1073 4532 Tnb.
1086 4479 1183 4534 Theos.
1202 4476 1330 4547 ἀμαλθία
1344 4480 1371 4532 Φ
1389 4475 1538 4546 ἀμαλθαία
1550 4477 1624 4531 Suid.
1637 4507 1670 4516 —

358 4557 490 4635 Ἐρσφίλη
512 4564 549 4617 ἰαί
570 4581 604 4616 nu
621 4563 729 4630 halten,
757 4565 868 4618 nhnlioh
889 4559 1044 4635 Ἐρωφίλην
1066 4565 1157 4618 SchoI.
1175 4563 1247 4618 Plan.
1265 4593 1298 4602 -
1315 4579 1371 4618 τισι
1388 4561 1429 4618 δίε
1451 4578 1524 4617 τισιν
1542 4557 1571 4626 ές
1587 4563 1618 4614 Δ.
1637 4589 1670 4598 -

360 4653 544 4728 παραξάνδρα
563 4657 594 4709 Α.
613 4684 646 4692 -
666 4657 812 4726 Βεργίλισς
827 4657 918 4710 Rzach
936 4635 1084 4728 βίργὴλισς
1096 4661 1120 4710 Α
1137 4657 1285 4728 βεργὴλισς
1302 4655 1327 4707 S.
