3790 5570
354 523 371 579 ι
938 511 1080 581 Sibyllina„

422 672 491 744 ἀπό
519 681 581 744 τοῦ
606 683 735 762 χωρίου
762 679 1025 764 ἐπικεκλημένοι)
1052 671 1137 763 αδτῇ
1166 667 1286 762 ὄνομα·
1310 673 1351 744 τδι
1375 681 1412 744 δέ
1432 703 1468 762 γε
1490 673 1577 746 ἄλλα
1599 672 1662 745 οὐκ

422 771 671 862 ἐπιγράφονται
692 781 775 845 ποία
797 783 897 857 ποίας
920 781 1011 858 εἰσίν,
1034 771 1212 862 ἀδιόκριτιι
1235 781 1269 845 δὲ
1291 780 1487 863 καθέστηκε.

351 905 377 944 τε
504 873 687 962 Φιρμιανός
709 881 837 950 τοίνυν,
861 873 923 946 οδκ
946 872 1163 962 ἀθαύμαστος
1186 871 1377 960 φιλόσοφος
1399 881 1453 942 καὶ
1473 875 1580 961 ἱερεὺς
1597 880 1660 945 τοὺ

420 978 672 1060 προλεχθέντος
689 981 912 1046 Καπιτωλίου
935 971 1121 1063 γενόμενος,
1145 973 1231 1062 πρὸς
1253 971 1294 1044 τό
1315 972 1457 1044 αἰτόνιον
1473 970 1570 1062 ήμῶν
1585 981 1661 1060 φῶς

421 1073 485 1144 τόν
500 1071 652 1160 Χριστὸν
667 1079 793 1160 βλέψας
809 1077 846 1142 έν
861 1079 958 1154 ἰδίοις
973 1073 1144 1163 πονήμασι
1159 1073 1202 1144 τά
1219 1079 1372 1162 εἰρημένα
1387 1092 1462 1153 ταῖς
1477 1070 1659 1154 Σιβύλλαις

418 1183 494 1261 περὶ
518 1179 577 1260 τῆς
600 1169 750 1262 ἀρρήτου
772 1170 871 1262 δόξης
886 1181 1057 1261 παρέθηκε
1074 1181 1128 1244 καὶ
1147 1173 1212 1262 τὴν
1228 1169 1368 1259 ἀλογίαν
1384 1178 1445 1261 τής
1459 1167 1657 1260 Ἑλληνικῆς

355 1295 357 1300 ·
418 1270 551 1360 πλάνης
574 1279 728 1354 δυνατῶς
751 1269 923 1361 ἀπήλεγξε.
960 1281 1013 1344 καὶ
1038 1270 1057 1361 ἡ
1079 1279 1141 1359 μὲν
1162 1269 1269 1344 αδτοῦ
1292 1275 1432 1354 ἔντονος
1448 1268 1600 1359 ἐξήγησις
1616 1279 1658 1360 τῇ

419 1367 568 1463 ,ίδσονίᾳ
591 1372 742 1460 γλώττη,
771 1378 802 1442 σί
826 1379 859 1442 δὲ
883 1381 1101 1457 Σιβυλλιακοὶ
1124 1380 1232 1460 στίχοι
1252 1368 1383 1443 Ἑλλάδι
1406 1379 1506 1458 φωνῇ
1529 1375 1657 1458 ἐξηνέχ-

420 1482 538 1558 θησαν.
570 1474 622 1542 ἵνα
639 1477 674 1541 δε
688 1479 795 1544 τοῦτο
812 1472 855 1561 μὴ
872 1472 1018 1543 ἀπιστον
1033 1483 1206 1561 φαίνηται,
1229 1478 1418 1590 μαρτυρίαν
1433 1477 1494 1541 τοῦ
1509 1499 1657 1559 προμνη-

417 1576 645 1658 μονευθέντος
671 1567 794 1658 ἀνδρὸς
820 1577 1005 1660 παρέξομαι
1032 1575 1172 1660 ἔχουσαν
1199 1569 1300 1642 τόνδε
1323 1570 1386 1640 τόν
1408 1567 1554 1692 τρόπον·
1585 1575 1656 1640 ἐπεὶ

418 1671 481 1740 οὐν
503 1670 547 1740 τὰ
569 1665 652 1758 παρ’
675 1667 753 1788 μήῑν
776 1667 991 1760 εὑρισκόμενα
1006 1671 1215 1756 Σιβυλλιακά
1231 1668 1272 1742 οδ
1287 1669 1394 1758 μόνον
1410 1699 1458 1751 ως
1472 1666 1655 1758 εὐπόριστα

417 1787 489 1849 τοῖς
511 1776 628 1840 νοοῦσι
651 1769 694 1840 τὰ
715 1765 886 1858 Ἑλλήνων
909 1767 1194 1893 εδκατμφρόνητά
1219 1774 1365 1840 ἰστιν-
1383 1768 1425 1840 τὰ
1446 1769 1509 1858 γὰρ
1532 1767 1656 1839 σπάνια

360 1899 372 1938 ε
416 1877 508 1956 τίμια
534 1874 628 1939 δοκεῖ
649 1911 685 1918 -
710 1864 797 1940 ἀλλὰ
822 1868 931 1938 καὶ(
903 1901 951 1951 ως
976 1868 1121 1941 πάντων
1148 1877 1220 1939 τῶν
1249 1875 1375 1956 στίχων
1401 1869 1445 1958 μή
1468 1865 1655 1959 σῳζόντων

415 1970 480 2056 τήν
507 1965 675 2054 ἀκρίβειαν
700 1975 766 2056 ’τοῦ
786 1975 927 2059 μέτρου,
954 1967 1142 2058 ἀργοτέραν
1169 1974 1233 2057 ἔχει
1261 1969 1325 2058 τήν
1351 1975 1481 2039 πίστιν·
1510 1973 1600 2037 αἰτία
1620 1974 1655 2036 δε

415 2063 500 2155 αὕτη
527 2076 601 2138 τῶν
628 2065 855 2156 ταχυγρόφων
883 2066 923 2139 οδ
952 2065 1229 2159 συμφθασάντων
1251 2076 1293 2155 τῇ
1316 2067 1401 2156 ῥύμη
1424 2073 1486 2138 τοῦ
1509 2063 1612 2154 λόγου
1634 2063 1654 2154 ἢ

414 2173 468 2238 καὶ
504 2163 721 2238 ἀπαιδεύτων
750 2174 955 2288 γεμομένων,
993 2165 1034 2240 οδ
1067 2175 1127 2258 τῆς
1158 2165 1384 2256 προφήτιδας·
1420 2161 1487 2292 ἅμα
1519 2167 1581 2254 γὰρ
1612 2175 1654 2254 τῇ

413 2271 572 2337 ἑπιπνσία
587 2263 795 2384 ἐπέπμυτο
775 2295 796 2355 η
811 2297 884 2338 των
900 2275 1095 2355 λεχθέντων
1111 2265 1232 2395 μνήμη.
1261 2267 1347 2386 πρὸς
1362 2264 1383 2337 ἀ
1398 2274 1452 2338 καὶ
1469 2295 1487 2336 0
1479 2262 1654 2337 Πλάτων

345 2423 350 2434 .
413 2368 578 2451 βλέφας”
563 2393 637 2487 εφη,
662 2359 716 2436 ότι
737 2367 1010 2488 κατορθώσουσι
1013 2367 1125 2438 πολλα
1141 2375 1196 2438 καὶ
1211 2365 1338 2455 μεγάλα
1353 2364 1534 2454 πράγματα
1546 2373 1652 2487 μηδὲν

414 2457 594 2545 εἰδότες
568 2493 620 2534 ων
651 2472 813 2553 λέγουσιν.
858 2463 1032 2555 ημεϊςοόν
1059 2471 1191 2537 ἐκτῶν
1219 2471 1500 2552 κομισθέντων’
1487 2493 1524 2535 εν
1546 2462 1652 2552 ¹,Polu31

413 2562 480 2635 ἀπὸ
504 2571 577 2633 τῶν
599 2572 771 2651 πρέσβεων
794 2559 856 2635 ὅσα
879 2565 1029 2636 δυνατόν
1051 2563 1305 2654 παραθήσομαι·
1328 2562 1513 2653 ἐξηγήσατο
1535 2573 1652 2636 τοίνυν

411 2670 488 2752 περὶ
511 2661 616 2732 τοῦ
596 2661 743 2752 ανιίρχου
766 2672 849 2734 θεοῦ
871 2663 964 2736 τάδε·
1735 2675 1736 2678 “

347 2909 350 2915 ·
428 2887 535 2941 85-91
557 2905 578 2938 z.
597 2889 610 2938 t
627 2911 659 2926 =
679 2885 751 2939 uuio.
771 2890 827 2952 741,
851 2888 927 2941 2-1)
946 2887 1011 2955 (vgl.
1034 2887 1135 2941 Anecd.
1165 2887 1225 2940 Pur.
1244 2889 1302 2949 333,
1322 2887 1395 2954 3ff.).
1431 2887 1482 2941 Dio
1504 2887 1589 2941 Stolle
1616 2888 1652 2940 ist

341 2965 471 3039 librigeno
489 2971 568 3023 nieht
586 2987 634 3022 aus
652 2969 771 3023 Luctuuz
791 2971 855 3038 [τρὶ.
868 2973 1004 3038 91-10111.
1023 2971 1140 3026 sondern
1159 2972 1224 3024 εδει
1241 2988 1290 3024 aus
1304 2970 1420 3039 [lustu]
1435 2971 1595 3025 cohortatio
1613 2972 1649 3026 ud

343 3054 459 3108 Graecos
472 3056 512 3116 37,
527 3057 558 3110 15
577 3047 703 3120 ἔφασκον
720 3054 750 3110 δε
766 3053 839 3122 μετὰ
853 3054 967 3110 τιάντιιιν
986 3047 1027 3110 ὧν
1039 3057 1186 3125 διηγοῦντο
1201 3055 1240 3123 <u
1254 3056 1280 3108 h.
1295 3055 1339 3109 dio
1351 3055 1496 3125 Porigeten
1509 3055 1537 3107 in
1551 3057 1648 3123 Gamo>

341 3141 389 3193 καὶ
406 3147 491 3194 τοῦτο
510 3133 549 3202 ὼς
568 3135 645 3208 παρὰ
664 3144 721 3192 τιῖιν
739 3140 890 3210 προγόνων
909 3137 1072 3208 ἀκηκοότες,
1094 3135 1137 3194 δτι
1150 3137 1179 3195 οἱ
1191 3135 1418 3212 ἐκλαμβάνοντες
1429 3139 1496 3204 τούς
1506 3139 1651 3210 χρησμοὺς

342 3231 492 3292 τηνικαῦτα
512 3219 594 3287 έκτδς
612 3222 783 3289 παιδεύσεως
801 3219 880 3290 ἀντες
897 3229 1041 3293 πολλαχοῦ
1059 3231 1107 3291 τῆς
1124 3231 1180 3278 τιῖιν
1197 3222 1309 3296 μέτρων
1326 3220 1471 3296 ἀκριβείας
1483 3225 1649 3295 διήμαρτον·

340 3310 389 3362 καί
406 3305 511 3376 ταίτην
530 3303 628 3376 έλεγον
650 3306 743 3362 αἰτίαν
760 3304 831 3364 εἶναι
845 3317 893 3376 της
911 3307 992 3364 ἐνίων
1006 3305 1082 3363 ἐπῶν
1095 3306 1237 3378 ἀμετρίας,
1256 3315 1304 3375 τῆς
1316 3307 1368 3376 μἐν
1380 3311 1548 3381 χρησμῳδοῦ
1560 3307 1603 3362 διά
1616 3306 1649 3362 τδ

341 3395 504 3447 πεπαῦσθαι
522 3397 571 3459 τῆς
588 3397 712 3461 κατοχῆς
728 3397 776 3448 καί
794 3401 842 3462 τῆς
861 3391 1008 3457 ἐπιπνοίας
1025 3395 1063 3461 μὴ
1081 3391 1261 3462 μεμνημένης
1279 3399 1336 3463 τῶν
1354 3389 1523 3462 εἰρημένων,
1545 3399 1602 3448 τῶν
1620 3393 1650 3447 δε

340 3473 530 3548 ἀπογραφέων
549 3471 587 3530 δι’
604 3475 788 3534 ἀπαιδευσίαν
806 3485 854 3545 τῆς
871 3485 929 3532 τῶν
946 3475 1057 3548 μέτριον
1076 3474 1222 3549 ἀκριβείας
1240 3473 1471 3532 ἐκπεπτωκότων.
1503 3475 1546 3531 διὰ
1566 3483 1649 3532 τοῦτο

338 3563 433 3616 τοίνυν
451 3561 500 3615 τὸν
519 3559 660 3617 Πλάτωνα
679 3561 718 3628 εςί
735 3563 801 3628 τοὺς
819 3583 867 3630 της
857 3561 962 3632 Σιβίλ
960 3567 1017 3630 ,λης
1035 3559 1190 3632 ἀφορῶντα
1207 3561 1352 3632 χρησμοὺς
1369 3564 1435 3633 περὶ
1448 3580 1506 3616 των
1520 3579 1647 3634 χρησμιο

339 3649 396 3700 διὀν
415 3653 482 3701 τοῦτ
489 3639 659 3717 ἐἰρηκέναι
677 3649 768 3714 δῆλον.
805 3643 857 3716 ἔφη
875 3645 931 3717 γὰρ
950 3641 1050 3710 οὕτως·
1070 3641 1139 3701 όταν
1157 3651 1322 3716 κατορθῶσι
1340 3647 1471 3715 λέγοντες
1489 3643 1580 3701 πολλὰ
1599 3647 1648 3700 καὶ

337 3728 448 3800 μεγάλα
471 3729 626 3802 πράγματα
644 3731 730 3799 μηδεν
744 3731 901 3796 ειδδτεςωι
915 3730 1033 3800 λέγουσι.
1064 3716 1249 3785 lhn1.Seh01.
1264 3729 1370 3784 Pluton.
1386 3730 1496 3784 Phaidr.
1510 3730 1647 3785 2443.-

337 3816 410 3869 91-
413 3815 469 3870 100
492 3833 541 3869 uus
560 3817 684 3870 Luot.uut
703 3815 1008 3882 divss1nst16,151n
1030 3815 1072 3867 his
1099 3832 1164 3884 ergo
1193 3815 1316 3868 versibus
1343 3831 1410 3882 quon
1428 3815 1543 3869 Romam
1561 3813 1646 3883 legati

337 3899 497 3954 adtulerunt
523 3899 556 3954 de
588 3918 642 3954 uno
674 3900 726 3954 deo
756 3899 825 3953 haec
855 3901 919 3954 suut
945 3899 1115 3954 testimonia:
1154 3892 1194 3964 εἷς
1220 3897 1289 3963 θεὸς
1306 3941 1311 3954 .
1330 3939 1360 3952 ..
1387 3895 1530 3969 ἀγένητος.
1575 3899 1647 3952 huno

336 4000 394 4040 osse
418 3983 506 4038 solum
529 4003 665 4038 summum
687 3985 768 4038 deum
790 3984 836 4052 qui
858 3983 964 4038 eoelum
987 3983 1081 4038 fecerit
1102 3983 1305 4052 luminibusque
1322 3983 1489 4036 distinxerit:
1513 3980 1583 4038 ἀλλά
1597 4023 1603 4036 .
1619 4021 1645 4034 ..
1678 4035 1687 4054 ‚

335 4067 443 4132 Ιπόντου
465 4069 519 4120 und
539 4071 628 4132 1111,
653 4070 685 4123 18
710 4067 814 4136 Sibylla
843 4068 981 4123 hominum
1007 4068 1051 4123 dei
1077 4086 1143 4138 opus
1169 4085 1227 4121 esse
1252 4069 1380 4121 testatur:
1413 4064 1445 4131 ὃς
1469 4067 1558 4134 μόνος
1576 4108 1581 4118 .
1597 4107 1603 4119 .
1619 4107 1645 4118 ..

334 4152 452 4223 βιότοιο.

334 4335 505 4406 καθέστηκει
532 4341 581 4392 καί
602 4337 636 4394 τὰ
659 4338 712 4406 μὲν
743 4344 792 4406 τῆς
811 4331 979 4410 Ἐρυθραίας
1001 4336 1259 4410 προγεγραμμένον
1285 4331 1387 4407 ἔχοντα
1411 4345 1495 4392 τοῦτο
1522 4335 1555 4392 τδ
1575 4333 1644 4391 αὐτὸ

335 4418 367 4474 τδ
395 4416 452 4476 ἀπὸ
480 4429 530 4476 τοῦ
547 4425 698 4494 Χριστοῦ
725 4423 784 4492 (lieo
805 4424 922 4495 χωρίον)
945 4420 1164 4491 έπικεκλημένον
1191 4421 1261 4491 αὐτῇ
1286 4419 1417 4494 γνώριμα
1442 4420 1574 4490 κατέστη·
1608 4417 1643 4475 τὰ

334 4497 358 4556 δ
379 4498 450 4558 ἀλλα
476 4509 514 4573 μή
538 4504 729 4580 έτιιγραφέντα
753 4510 818 4576 περὶ
844 4509 934 4562 ποίων
959 4505 1034 4562 ἐστίν
1061 4503 1207 4575 ἀδιάκριτα
1234 4501 1408 4578 ὑπάρχουσιν
1431 4506 1499 4561 tub.
1522 4507 1618 4560 Theou.
1639 4505 1643 4571 Ι

338 4589 374 4642 74
391 4590 487 4654 ποίαςι
514 4593 608 4657 ποίοις
625 4593 650 4648 S.
669 4623 702 4632 -
720 4589 878 4660 καθέστηκε
899 4593 916 4645 S
935 4592 1075 4660 (Castalio)
1093 4590 1255 4660 καθέστησα
1275 4595 1318 4660 ΑΙ
1338 4593 1372 4646 λλ
1391 4597 1442 4658 τῆς
1459 4588 1577 4660 ἀλογίας
1594 4592 1618 4642 Α

332 4673 370 4727 81
382 4681 479 4728 νοοῦσι
498 4676 543 4728 Ru.
562 4683 677 4730 νοσοῦσι
697 4679 732 4730 Φ.
750 4707 783 4715 -
800 4675 834 4731 τά
853 4683 910 4731 τῶν
922 4670 961 4732 ‘u
980 4681 1002 4730 Α
1018 4677 1022 4742 Ι
1039 4677 1075 4732 87
1096 4677 1144 4730 καί
1162 4686 1194 4734 <
1215 4678 1248 4729 Α.
