3774 5596
906 541 1050 612 sununs.

447 865 532 930 εἰδὲ
555 858 699 948 γενητὸν
722 852 813 939 ὅλως
833 865 889 928 καὶ
912 867 1099 946 φθείρεται,
1123 856 1164 932 οὗ
1186 855 1302 930 δύνατ’
1316 855 1451 948 ἀνδρός

446 964 483 1030 ἐκ
505 966 623 1048 μηρῶν
644 957 773 1049 μήτρας
796 987 834 1028 τε
855 957 937 1041 θεὸς
960 965 1201 1048 τετυπωμένος
1223 962 1321 1031 εῖναι·

445 1054 534 1131 ἀλλὰ
556 1058 637 1142 θεὸς
658 1056 763 1146 μόνος
786 1058 831 1140 είς
853 1065 1123 1145 πανυπέρτατος,
1146 1053 1184 1142 ὃς
1205 1068 1394 1149 πεποίηκεν

448 1153 597 1246 οάρανὸν
618 1156 733 1249 ἠέλιόν
756 1189 793 1229 τε
814 1165 869 1230 καὶ
892 1155 1033 1247 ἀστέρας
1055 1154 1112 1248 ἠδὲ
1135 1157 1279 1250 σελήνην

447 1254 673 1372 κηρποοόρον
695 1258 795 1347 γαῖάν
817 1285 854 1329 τε
875 1265 930 1330 καὶ
952 1251 1077 1340 ίίάατος
1100 1263 1243 1354 οίάματα
1264 1257 1398 1332 πόντου

447 1355 549 1444 ουρεά
572 1355 606 1428 θ’
629 1355 781 1448 όψήεντα
804 1353 932 1430 ἀένναα
952 1357 1100 1446 χεύματα
1121 1365 1251 1448 πηγῶν.

445 1463 519 1528 τῶν
540 1453 745 1546 τ”ὲνύθρων
766 1456 850 1530 πάλι
871 1465 974 1550 γεννᾷ
997 1453 1190 1548 ἀνήριθμον
1210 1457 1301 1530 πολὺ
1322 1465 1467 1550 πλῆθος,

446 1557 569 1646 ἑρπετὰ
592 1553 620 1628 δ’
643 1561 680 1628 ἐν
702 1565 778 1646 γαίη
800 1557 980 1647 κινούμενα
1002 1575 1277 1647 ψυχοτροφεῖται.

445 1663 584 1727 ποικίλα
606 1685 643 1726 τε
665 1665 809 1747 πτηνῶν
832 1655 1039 1747 λιγυροθρόα
1061 1667 1287 1748 τραυλίζοντος

445 1755 554 1840 ξουθὰ
578 1755 861 1846 λιγυπτερόωωνα
883 1754 1084 1846 ταράσσοντ’
1108 1755 1187 1847 ἀέρα
1209 1779 1354 1846 ταρσοῖς,

446 1860 484 1925 ἐν
506 1861 541 1926 ἀὲ
565 1853 686 1939 νάπαις
708 1852 819 1945 ἀρέων
841 1854 959 1946 ἀγρίαν
982 1865 1104 1946 γένναν
1125 1865 1210 1929 θέτο
1234 1865 1355 1948 θηρῶν

444 1952 524 2044 ἡμῖν
546 1985 584 2026 τε
605 1954 716 2046 κτήνη
736 1953 904 2044 ἀπέταξεν
925 1955 1039 2028 πάντα
1061 1968 1244 2047 βροτοῖσιν.

443 2052 588 2127 πάντων
611 2051 639 2128 δ’
663 2053 813 2147 ἡγητῆρα
834 2063 1040 2148 κατέστησεν
1064 2055 1282 2142 θεότευκτον,

443 2150 540 2242 ἀνδρὶ
562 2152 591 2226 ἀ
612 2151 778 2243 ἀπέταξεν
799 2162 1009 2246 παμποίκιλα
1030 2155 1093 2229 κοά
1116 2155 1326 2248 κατείληπτο.

405 2324 555 2394 Fragment
571 2328 587 2380 3
606 2325 650 2380 bei
668 2325 847 2398 Theophilus:
867 2326 901 2380 ad
920 2327 1086 2396 Autolycum
1104 2329 1130 2382 ΙΙ
1148 2330 1189 2394 36,
1207 2329 1241 2384 29
1258 2329 1307 2383 καλ
1325 2326 1397 2397 πρὸς
1413 2325 1480 2392 τοὺς
1498 2325 1633 2396 γενητοὺς

319 2406 492 2480 λεγομένους
510 2404 575 2480 ἔφη·
595 2409 621 2466 εί

421 2546 455 2598 V.
476 2547 504 2602 l.
523 2547 541 2602 ‘2
560 2547 686 2601 Lactaut
705 2547 840 2602 diuinet
858 2549 907 2612 18,
926 2551 942 2603 3
960 2548 1033 2602 unde
1051 2548 1118 2602 mihi
1137 2548 1171 2602 de
1189 2551 1270 2602 tanta
1281 2548 1426 2602 maiestate
1438 2547 1545 2618 saepius
1558 2549 1631 2616 cogi·

318 2629 392 2684 tanti
410 2630 457 2698 qui
476 2631 541 2685 deos
558 2631 653 2686 colunt
670 2631 808 2686 interdum
826 2631 912 2687 videri
930 2633 1020 2686 solent
1039 2635 1096 2686 lam
1115 2632 1196 2694 caeci,
1214 2635 1273 2685 tam
1290 2631 1491 2702 incogitabiles,
1510 2635 1567 2686 tam
1586 2649 1631 2686 ex·

319 2713 422 2780 cordes,
441 2718 499 2770 tam
517 2732 573 2770 nou
591 2715 709 2770 multum
727 2735 745 2770 a
761 2717 844 2772 mutis
863 2717 1029 2772 animalibus
1047 2717 1212 2782 differentes,
1231 2716 1278 2785 qui
1296 2716 1410 2770 credant
1425 2733 1472 2770 eos
1485 2716 1532 2785 qui
1544 2716 1632 2786 geniti

320 2799 376 2852 sint
397 2800 480 2854 maris
502 2817 535 2854 ao
551 2801 669 2854 feminae
687 2801 761 2856 coitu
779 2801 886 2870 aliquid
904 2801 1056 2855 maiestatis
1074 2801 1239 2868 divinaeque
1257 2801 1366 2856 virtutis
1384 2801 1487 2856 habere
1505 2801 1632 2871 potuisse.

319 2901 382 2937 eum
400 2883 507 2953 Sibylla
525 2884 678 2954 Erythraea
695 2885 781 2940 dicat:
800 2883 835 2942 οὐ
852 2880 946 2941 δύνατ’
963 2927 1051 2942 .....
1082 2884 1133 2940 Die
1149 2886 1267 2940 Peraten
1284 2886 1329 2940 bei
1342 2885 1518 2956 Hippolytae:
1537 2885 1631 2939 Philo·

317 2971 488 3039 sophumena
507 2969 530 3023 V
552 2971 594 3023 16:
614 2967 641 3024 εἰ
656 2969 712 3041 γάρ
730 2990 763 3036 τι,
782 2972 857 3040 φησί,
875 2970 1020 3041 γεννητόν,
1039 2965 1112 3034 όλως
1128 2971 1178 3025 καὶ
1190 2971 1346 3042 φθείρεται,
1364 2968 1498 3042 καθάπερ
1510 2971 1559 3024 καὶ
1573 2969 1630 3022 Σι-

316 3053 422 3124 βόλλη
447 3056 531 3118 δοκεῖ,
551 3053 636 3120 μόνοι
654 3051 691 3118 δέ,
710 3056 803 3122 φησίν,
822 3055 901 3124 ἡμεῖς
924 3051 952 3110 oi
972 3057 1022 3122 τὴν
1041 3051 1168 3124 ἀνάγκην
1186 3060 1235 3122 τῆς
1252 3053 1390 3124 γενέσεως
1408 3050 1566 3124 ἐγνωκότες
1582 3055 1630 3108 καὶ

318 3137 369 3204 τὰς
391 3136 480 3202 leole,
503 3133 537 3193 δι’
560 3129 601 3192 ὧν
625 3136 804 3206 εἰσελήλυθεν
823 3137 839 3194 ό
857 3135 1013 3208 ἄνθρωπος
1030 3137 1071 3204 είς
1087 3137 1138 3194 τόν
1156 3138 1274 3206 κόσμον,
1297 3135 1422 3210 ἀκριβῶς
1439 3136 1632 3208 δεδιδαγμένοι

317 3225 439 3279 διελθεῖν
457 3225 505 3277 καὶ
523 3219 646 3294 περάσαι
662 3223 713 3290 τιΙν
732 3222 847 3294 φθοράν
865 3223 950 3291 μόνοι
968 3221 1123 3292 δυνάμεθα.
1148 3223 1266 3292 [lustin]
1281 3223 1392 3278 Cohort.
1405 3225 1440 3277 ad
1454 3225 1548 3278 Graec.
1562 3225 1632 3286 23,6

318 3305 346 3362 εί
367 3303 423 3378 γὰρ
447 3303 556 3378 ἀνάγκη
581 3314 658 3362 πᾶσα
676 3305 710 3361 τό
734 3306 853 3376 γενητόν
877 3307 1010 3379 φθαρτόν
1028 3303 1101 3364 εἶναι
1118 3305 1191 3362 κατὰ
1211 3307 1261 3362 τόν
1280 3308 1420 3379 πρότερον
1439 3305 1527 3362 αὐτοῦ
1544 3306 1587 3375 (d.
1605 3307 1631 3358 h.

319 3389 486 3457 Πλάτωνος·
515 3387 593 3464 ὅρον,
620 3399 680 3457 πῶς
707 3401 849 3464 συγχωρεῖ
872 3393 904 3448 τό
935 3388 999 3448 κατ’
1025 3389 1153 3462 ἀνάγκην
1180 3389 1319 3448 ἀάίνατον
1343 3391 1475 3462 γενέσθαι
1499 3390 1629 3450 δι’νατόν;

319 3475 385 3546 vgl.
404 3477 542 3546 Athenag.
562 3477 627 3546 [τες.
647 3480 686 3531 ill.
705 3477 746 3531 20.
775 3477 949 3532 Constantini
971 3496 1010 3534 or,
1028 3477 1071 3531 ud.
1090 3480 1208 3532 sanctor.
1226 3481 1295 3531 eoet.
1314 3475 1382 3532 41&
1401 3471 1425 3530 δ’
1443 3474 1475 3531 ἐκ
1492 3477 1631 3546 γενέσεως

319 3557 436 3632 ηθαρτά
455 3559 559 3616 πάντα
578 3563 694 3630 μορφὴν
712 3561 741 3618 δὲ
757 3562 862 3635 χρόνος
879 3560 1017 3635 ἀμαυροῖ·
1036 3569 1096 3627 πῶς
1114 3555 1165 3616 οὖν
1184 3559 1212 3616 ολ
1229 3559 1261 3616 ἐκ
1278 3561 1415 3631 γενέσεως
1433 3565 1562 3632 φθαρτῆς
1573 3553 1631 3616 εἶεν

317 3641 472 3710 ἀθάνατος
487 3675 517 3685 -
531 3646 624 3702 3-33
639 3646 692 3716 vgl.
706 3647 745 3699 ΙΙΙ
759 3649 865 3702 11-32.
879 3678 911 3686 —
925 3649 997 3704 3-5
1011 3673 1044 3690 2
1057 3646 1160 3716 Prolog
1172 3647 1197 3702 S.
1210 3647 1353 3711 use-517.
1367 3646 1484 3699 innatant
1504 3643 1631 3700 diuinet.

318 3731 331 3783 Ι
349 3735 373 3794 θ,
388 3733 419 3786 15
432 3731 505 3784 hunc
523 3747 580 3785 sese
597 3731 685 3786 solum
702 3749 837 3785 summum
859 3731 949 3793 deum,
962 3732 1008 3800 qui
1021 3731 1128 3786 caelum
1140 3731 1235 3785 fecerit
1247 3731 1450 3798 luminibusque
1463 3729 1629 3784 distinxerit:

319 3811 391 3870 ἀλλὰ
405 3857 411 3868 .
426 3856 431 3868 .
445 3855 450 3866 .
470 3847 502 3854 -
521 3817 615 3872 8-14
633 3815 687 3884 vgl.
707 3817 743 3868 lll
757 3817 822 3870 20ff.
836 3846 868 3855 —
884 3817 960 3874 1411.
979 3815 1034 3886 vgl.
1048 3816 1141 3872 Philo:
1160 3815 1195 3870 de
1213 3815 1276 3886 opii.
1290 3814 1385 3869 mundi
1397 3815 1431 3868 28
1442 3833 1467 3884 p.
1481 3816 1515 3869 20
1526 3813 1562 3866 Μ,
1576 3807 1630 3868 dua

317 3897 374 3968 γὰρ
393 3897 483 3968 θνητὰ
502 3897 533 3955 ἐν
551 3909 611 3966 τοῖς
628 3903 701 3972 τρισὶ
719 3902 868 3970 στοιχείοις
885 3907 922 3971 γῇ
939 3895 1017 3955 όόατι
1036 3899 1098 3970 ἀέρι
1116 3897 1209 3956 πάντα
1227 3895 1418 3955 ὑπίταττεν
1436 3895 1512 3971 αάτῷ
1531 3938 1596 3952 ....
1662 3897 1666 3904 '

406 4037 420 4090 1
442 4031 546 4106 ἀνδρεσ
562 4036 590 4088 Μ
607 4037 611 4102 Ι
627 4037 645 4092 3
663 4036 753 4104 μόνος
770 4046 802 4094 <
820 4035 849 4089 Μ
865 4041 868 4098 Ι
884 4039 903 4092 5
922 4036 977 4106 vgl.
997 4037 1008 4089 l
1027 4037 1085 4091 259.
1098 4065 1131 4075 -
1144 4029 1229 4104 οἶδμα
1247 4035 1275 4088 Μ
1292 4037 1295 4102 Ι
1311 4037 1330 4092 6
1348 4034 1412 4088 Aul.
1425 4058 1457 4076 =
1470 4033 1507 4086 lll
1528 4032 1586 4088 778.
1598 4063 1631 4071 -

317 4116 425 4176 ἀίννιια
437 4139 463 4190 χ.
476 4127 575 4190 πηγῶν
588 4121 642 4190 vgl.
656 4121 695 4174 lv
709 4124 747 4175 15.
763 4151 789 4159 -
806 4117 913 4176 ἀίνναα
928 4121 1017 4175 (lll'ck.
1031 4117 1121 4176 ἀέναα
1134 4119 1162 4173 Μ
1174 4112 1201 4174 κ’
1213 4116 1321 4175 ἀένναοι
1334 4117 1433 4173 Friedl.
1450 4119 1454 4186 Ι
1471 4120 1487 4174 7
1501 4111 1538 4173 τί
1550 4135 1581 4174 τε
1593 4117 1630 4174 Μ-

317 4234 351 4244 -
368 4202 453 4260 πόλιν
471 4211 575 4274 γεννᾶν
593 4205 629 4258 Μ.
642 4235 675 4244 -
688 4202 855 4277 ἀνηρίθμων
868 4205 915 4259 Ru.
927 4236 959 4243 —
973 4203 1046 4260 πολὺ
1063 4207 1173 4272 πλῆθος
1184 4229 1216 4248 =
1229 4207 1240 4257 l
1253 4205 1303 4260 235
1319 4205 1323 4270 Ι
1339 4205 1357 4259 8
1374 4199 1398 4257 δ’
1416 4200 1446 4257 ἐν
1463 4205 1529 4273 γαίη
1541 4201 1588 4255 Ra.
1601 4201 1631 4258 δὲ

317 4289 399 4359 γαίης
412 4289 440 4342 Μ
452 4283 477 4344 τ’
488 4286 518 4345 ἐν
531 4291 597 4360 γαίη
604 4293 729 4344 duratus.
740 4298 1002 4362 -ιμνχοτροφεῐται
1015 4289 1141 4344 Glroerer
1150 4297 1358 4360 ηιαχοτροφεῖτε
1370 4289 1396 4342 Μ
1409 4294 1590 4360 ηννχοτροφεῖ
1599 4303 1631 4342 τε

317 4373 675 4445 Ορεορ.ἶψι’χοτροφοῦντα
694 4373 887 4428 Mendelesohn
907 4377 911 4436 Ι
931 4375 950 4428 a
969 4381 1083 4442 πτηνῶν
1100 4374 1289 4428 'l'hienemanu
1307 4379 1418 4442 κτηνῶν
1432 4373 1461 4426 Μ
1481 4374 1485 4440 Ι
1507 4372 1545 4426 10
1558 4373 1631 4440 λιγν-

317 4458 489 4528 πτερόηωνα
503 4460 600 4530 Opsop.
614 4459 887 4530 λιγνροπτερόφωνα
897 4457 933 4512 Μ.
946 4489 978 4497 -
991 4454 1160 4530 ταράσοοντ’
1171 4458 1272 4512 Castal.
1284 4456 1465 4529 ταράσσοιτα
1476 4457 1506 4510 Μ
1518 4449 1542 4511 τ’
1554 4450 1629 4526 ἐρέσ-

317 4536 396 4597 σοντ)
405 4543 501 4598 Struue
510 4543 636 4598 Schmidt
645 4539 986 4614 ἐρέσσοντ’Με11α-1Ιὲρα
996 4544 1043 4596 Ru.
1059 4545 1063 4607 Ι
1081 4545 1116 4598 ll
1128 4538 1236 4614 ἀγρίων
1245 4541 1292 4596 Ru.
1308 4543 1312 4610 Ι
1330 4541 1462 4610 13.14[]
1475 4539 1587 4594 Wilam.
1597 4567 1631 4578 -

320 4628 357 4682 13
364 4625 479 4683 πάντων
488 4622 645 4700 δ’ἡγητῆρα
653 4628 706 4698 vgl.
714 4629 820 4697 Fragm.
829 4631 916 4694 1,θ.-
927 4623 996 4683 δἐθ
1004 4627 1273 4698 Opsop.—dymnus
1283 4626 1384 4681 Castal.
1394 4625 1520 4696 ἡγήτορα
1530 4625 1567 4689 Μ,
1573 4622 1630 4693 vgl.

319 4713 364 4768 die
376 4702 587 4782 lberlieferung
599 4713 646 4766 dee
659 4713 784 4768 Lactant.
798 4731 830 4766 zu
841 4717 863 4776 1,
873 4713 897 4768 θ.
907 4741 939 4750 -
949 4713 1120 4768 θεότενκτον
1131 4712 1186 4782 vgl.
1198 4711 1219 4764 V
1229 4711 1280 4768 502
1295 4712 1300 4780 Ι
1317 4711 1355 4768 14
1367 4707 1446 4782 ἀνδρὶ
1460 4701 1484 4764 θ’
1492 4705 1630 4774 ἀπέταξεν
