3790 5570
872 901 883 929 r

775 915 1083 1085 umvfinsslw)

812 1138 841 1152 -.
887 1071 1064 1190 m

404 1541 446 1605 Εί
471 1534 512 1606 τὸ
534 1543 610 1622 περὶ
632 1533 697 1624 τὴν
720 1532 914 1622 ἀνάγνωσιν
936 1543 1010 1608 τοῦν
1024 1532 1233 1626 Ἑλληνικῶν
1248 1547 1391 1628 γραφιῦν
1406 1545 1565 1613 ἐκπονεῖν

320 1634 456 1724 πολλὴν
479 1654 550 1716 τοῖς
572 1637 745 1706 ἐκτελοῦσι
768 1635 832 1724 τὴν
856 1633 1025 1724 ὠφέλειαν
1048 1631 1285 1726 ἀπεργάζεται,
1371 1631 1431 1710 άτε
1457 1654 1563 1712 πολυ-

320 1744 440 1822 μαθεῖς
480 1733 562 1815 τοῦς
596 1743 673 1822 περὶ
709 1741 818 1806 ταῦτα
853 1731 1072 1824 πονήσαντας
1101 1741 1270 1810 ἐκτελέσαι
1302 1736 1500 1828 δυνάμενον,

322 1839 445 1922 πολλῷ
477 1839 612 1922 μᾶλλον
642 1841 717 1920 περὶ
753 1833 815 1916 τὰς
842 1843 938 1917 θείας
965 1834 1097 1923 γραφὰς
1123 1830 1183 1906 άτε
1205 1845 1281 1923 περὶ
1308 1845 1393 1909 θεοῦ
1414 1846 1469 1910 καί
1492 1848 1566 1913 τῶν
1635 1889 1636 1892 =

326 1929 495 2019 ω’φέλειαν
510 1931 655 2020 ψυχικὴν
674 1933 939 2022 προξενούντων
955 1933 1119 2024 δηλούσας
1196 1937 1278 2018 τοῦς
1297 1929 1334 2008 εῦ
1350 1944 1566 2024 φρονοῦντας

325 2029 489 2121 προσήκει
504 2029 680 2120 σχολάζειν
737 2033 790 2104 διὰ
805 2033 937 2116 παντὸς
954 2040 1098 2105 διπλοῦν
1112 2039 1244 2106 έκεῑθεν
1261 2035 1301 2107 τὸ
1311 2043 1429 2123 κέρδος
1438 2046 1566 2128 κερδαί-

322 2133 448 2214 νοντας
533 2130 674 2212 έαυτοῦς
702 2161 737 2200 τε
769 2139 824 2201 καὶ
856 2133 937 2214 τοῦς
964 2131 1234 2222 ἐντυγχάνοντας
1257 2131 1405 2222 ὠφελεῖν
1427 2142 1565 2226 δυναμέ-

325 2263 411 2314 νους.
497 2233 590 2318 ἔδοξε
614 2240 734 2303 τοίνυν
758 2230 811 2302 διὰ
835 2239 943 2302 ταῦτα
964 2230 1047 2321 κάμε
1068 2233 1148 2316 τούς
1168 2237 1426 2323 ἐπιλεγομένους
1445 2245 1565 2321 Σιβυλ-

324 2332 462 2414 λιακοῦς
476 2331 644 2420 χρησμούς
660 2329 836 2428 σποράδην
851 2329 1107 2420 εὑρισκομένους
1168 2339 1221 2404 καί
1240 2341 1486 2424 συγκεχυμένην
1501 2335 1566 2426 τὴν

321 2429 459 2503 τούτων
501 2426 696 2517 ἀνάγνωσιν
715 2439 770 2500 καλ
790 2435 974 2519 ἐπίγνωσιν
991 2433 1130 2519 ἔχοντας
1224 2435 1269 2514 είς
1283 2440 1363 2519 μίαν
1378 2431 1565 2522 συνάφειαν

322 2539 377 2600 καὶ
406 2525 571 2618 ἇρμονίαν
598 2535 761 2600 ἐκθέσθαι
788 2539 850 2600 τοῦ
877 2528 995 2619 λόγου,
1027 2527 1074 2613 οῦς
1097 2527 1139 2602 ἂν
1162 2527 1368 2603 εὐσύνοπτοι
1390 2553 1463 2616 τοῖς
1486 2532 1564 2606 άνα-

322 2629 568 2718 γιγνώσκουσιν
604 2623 701 2710 ὄντες
736 2629 801 2718 τὴν
835 2634 871 2714 ἐξ
905 2627 1023 2701 αῦτοῦν
1060 2628 1230 2718 οῦφέλειαν
1262 2629 1400 2714 τούτοις
1429 2635 1564 2722 έπιβρα-

320 2728 482 2814 βεῦσωσιν
565 2725 627 2800 οῦκ
648 2723 744 2816 ὀλίγα
760 2735 833 2798 τῶν
849 2725 1044 2818 ἀναγκαίων
1058 2737 1114 2800 καί
1129 2739 1302 2819 χρησίμων
1316 2736 1502 2820 δηλοῦντες

320 2837 375 2900 καλ
393 2834 686 2917 πολυτελεστέραν
708 2821 775 2915 ῦμα
796 2835 851 2897 καὶ
866 2837 1120 2920 ποικιλωτέραν
1135 2829 1199 2918 τὴν
1214 2837 1448 2918 πραγματείαν
1463 2828 1562 2921 άπερ-

319 2924 504 3017 γαζῦμενοι.
604 2935 659 2998 καὶ
699 2927 761 3016 γὰρ
797 2935 875 3016 περί
910 2960 945 3000 τε
982 2928 1113 3020 πατρὸς
1145 2934 1231 3017 <καὶ>
1269 2932 1346 3001 υίοῦ
1379 2937 1436 2998 καί
1465 2926 1564 3018 άγίου

319 3027 521 3117 πνεύματος,
553 3032 614 3114 τῆς
645 3033 740 3109 θείας
766 3033 822 3096 καί
854 3034 1040 3117 ζῳαρχικῆς
1070 3025 1220 3116 τριάδος,
1253 3024 1421 3117 άριδὴλως
1452 3036 1563 3100 διασα-

321 3135 422 3215 φοῦσι
514 3136 591 3215 περί
617 3154 655 3197 τε
677 3133 737 3216 τῆς
760 3123 925 3213 ένσάρκου
947 3133 1142 3216 οἰκονομίας
1164 3133 1228 3200 τοῦ
1253 3136 1371 3217 κυρίου
1391 3135 1447 3198 καί
1473 3136 1558 3202 θεοῦ

320 3235 375 3296 καὶ
415 3232 569 3314 σωτῆρος
608 3222 706 3315 ἡμῶν
741 3221 846 3314 Ἰησοῦ
880 3232 1045 3314 Χριστοῦ,
1093 3232 1154 3314 τῆς
1193 3231 1230 3298 έκ
1265 3232 1442 3316 παρθένου
1476 3235 1561 3318 φημὶ

321 3320 506 3416 άρρεῦστου
537 3324 726 3414 γεννήσεως
752 3333 807 3396 καὶ
841 3334 913 3396 τῶν
938 3323 1021 3414 παρ’
1052 3321 1156 3395 αύτοῦ
1183 3331 1411 3398 τελεσθεισῶν
1437 3323 1563 3397 ίάσεων

336 3463 419 3518 fisa:
437 3463 480 3516 As
499 3461 530 3528 (P
549 3479 600 3516 nur
618 3463 644 3515 Z.
663 3463 792 3530 94—100)
810 3489 843 3506 -π
862 3467 897 3518 Φ.

338 3571 520 3636 Uberschrift:
538 3581 647 3652 βιβλίον
667 3579 846 3652 σιβυλλιακδν
865 3577 895 3636 έν
913 3582 1010 3650 λόγοις
1027 3587 1059 3636 θ·
1080 3579 1107 3636 οί
1126 3581 1298 3652 σιβυλλιακοί
1309 3581 1445 3650 χρησμοί·
1474 3582 1561 3650 λόγος

247 3673 364 3738 πρῶτος
381 3667 407 3720 8.

338 3785 356 3840 θ
375 3781 585 3854 συγκεχυμένην
604 3782 791 3838 Wilamowitz
810 3783 1027 3854 συγκεχυμένοις
1046 3783 1071 3835 Φ
1087 3785 1090 3848 ί
1109 3784 1146 3839 14
1164 3780 1363 3853 ποικιλοτέραν
1382 3784 1417 3836 Φ.
1434 3785 1437 3850 Ι
1455 3783 1493 3839 15
1511 3786 1561 3838 καί

248 3866 314 3924 υἱοῦ
330 3869 443 3924 Wilam.
462 3863 524 3922 υίοῦ
544 3867 589 3932 ΦΙ
607 3867 645 3922 16
663 3870 848 3936 διασαφοῦσιν
866 3869 892 3922 S.
912 3869 916 3936 Ι
940 3869 976 3923 19
995 3865 1134 3940 ἀρεῦστου
1153 3869 1188 3922 Φ.
1208 3897 1242 3904 -
1259 3861 1343 3938 παρ’;
1361 3865 1440 3938 παρὰ
1459 3871 1492 3921 Α.

336 3987 361 4054 *)
379 3987 433 4040 Der
444 3985 555 4056 Prolog,
568 3983 617 4039 der
628 4002 699 4056 ganz
712 3985 828 4040 konfuso
840 3985 975 4056 Angaben
988 3985 1096 4039 ensshstlt
1108 3984 1173 4054 (vgl.
1187 3985 1242 4038 bes.
1255 3985 1281 4038 S.
1293 3987 1318 4050 4,
1331 3985 1363 4040 75
1373 3985 1391 4039 f.
1409 3985 1442 4039 81
1452 3983 1490 4050 ff.)
1504 3985 1560 4038 und

248 4070 412 4126 wesenblioh
424 4069 469 4124 δίε
481 4069 716 4139 (τοΠείδυδίςετε)
729 4071 898 4140 Τθοίυςει
909 4069 1122 4140 Theosophie
1134 4069 1275 4138 (Bureseh:
1294 4067 1400 4123 Klaros.
1412 4069 1438 4122 S.
1450 4069 1515 4124 87ff.
1527 4099 1560 4108 —

248 4155 429 4210 Arisbokfiboe
442 4153 604 4209 Versasser‘?
627 4153 683 4222 vgl.
695 4155 879 4208 Brinkmann:
902 4153 999 4208 Rhein.
1019 4154 1087 4207 Mus.
1100 4153 1135 4207 LI
1147 4151 1197 4207 278
1205 4153 1235 4221 f.)
1248 4171 1282 4206 zu
1297 4151 1435 4207 benukzen
1453 4153 1562 4208 seheint

248 4239 316 4309 (vgl.
334 4239 391 4294 beu.
410 4239 435 4293 S.
454 4241 478 4304 3,
497 4241 529 4294 51
540 4238 591 4306 ffi),
613 4237 651 4290 ish
672 4241 735 4307 ποθί
751 4239 809 4292 und
826 4238 899 4292 ohne
916 4237 1123 4308 selbsfflndigen
1141 4235 1228 4292 Werh
1263 4235 1300 4290 Es
1317 4236 1427 4291 werden
1445 4237 1561 4292 doshalb

247 4324 287 4378 im
304 4321 594 4378 litterarhistorisohen
611 4323 751 4390 Apparato
773 4322 844 4376 auch
865 4339 917 4376 nur
933 4321 1071 4376 Hinweise
1089 4321 1213 4391 gegeben
1230 4322 1340 4376 werden
1357 4320 1496 4376 entweder
1513 4321 1564 4375 auf

241 4407 294 4473 *die
311 4407 436 4461 direkben
449 4405 564 4471 Quellen
581 4405 629 4460 des
642 4405 795 4461 Verfmsers
807 4407 874 4462 oder
885 4409 934 4463 auf
949 4407 993 4461 die
1005 4406 1097 4460 die-sen
1109 4406 1242 4460 zunichst
1254 4405 1384 4460 ntehende
1396 4405 1559 4470 Litteratun

247 4492 295 4545 die
318 4508 405 4562 ganzo
424 4489 508 4546 Reihe
527 4491 575 4545 der
592 4489 866 4562 Sibyllen-Kataloge
885 4493 951 4563 (ng.
971 4492 1073 4546 Mansa:
1099 4489 1133 4544 do
1150 4489 1319 4560 Sibyllamm
1334 4489 1482 4559 indicibus)
1501 4507 1561 4545 aus-

246 4574 427 4631 zusohreiben
449 4575 515 4630 oder
537 4573 608 4630 auch
630 4574 686 4628 alle
703 4575 804 4647 Beloge
822 4578 865 4630 fflr
879 4577 957 4646 jede·
977 4575 1100 4630 οἰκετείας
1119 4574 1203 4628 stflck
1221 4573 1412 4638 aufzufflhren,
1435 4573 1561 4631 erechien

246 4659 396 4715 historiseh
414 4660 580 4730 unzulfinsig.

303 4745 431 4799 Sibyllina.
1333 4747 1347 4797 l
