3774 5596
357 537 418 600 220
927 527 1070 599 Sibyllina.

358 723 397 764 ειε
568 693 610 776 αἱ,
635 698 747 781 μέλεοι
770 697 942 782 Κέκροπες
966 697 1124 782 Καδμεῖοι
1146 688 1204 783 ἡδὲ
1226 689 1395 776 Λάκωνες,

483 796 518 862 οἳ
537 798 613 882 περὶ
635 788 783 880 Πηνειόν
805 821 841 862 τε
864 788 1091 880 βαθύσχοινόν
1113 822 1150 863 τε
1175 787 1354 864 Μολοσσόν

487 899 609 981 Τρίκην
632 892 804 980 Δωδώνην
827 899 940 962 τεκαὶ
962 889 1156 980 ύψίόμητον
1177 886 1320 980 Ἰθοόμην

484 987 605 1078 αὐχένα
628 989 787 1080 Πιερικόν
808 1019 854 1074 τε,
876 998 981 1080 μέγαν
1001 997 1078 1077 περὶ
1101 991 1176 1078 ῥίον
1197 987 1373 1080 Ὀλύμπου,

478 1086 597 1162 Ὄσσαν
620 1086 791 1178 Λάρισσάν
813 1118 851 1160 τε
873 1098 929 1160 καὶ
950 1087 1125 1177 ὑψίπυλον
1147 1095 1343 1161 Καλυδῶνα.

567 1185 641 1261 ἀλλ’
664 1183 799 1260 ὁπόταν
819 1195 902 1279 μέγα
924 1195 1012 1279 σῆμα
1034 1188 1115 1272 θεὸς
1136 1187 1315 1279 μερόπεσσι
1337 1187 1471 1280 ποιήσῃ,

481 1287 619 1379 ἡμερίην
640 1287 846 1360 σκοτόεσσαν
869 1286 1055 1378 ἀμολγαίην
1076 1296 1155 1376 περὶ
1174 1287 1312 1378 κόσμον,

482 1396 537 1461 καὶ
560 1386 641 1460 τότε
664 1411 726 1472 σοι,
748 1393 892 1473 βασιλεῦ,
915 1395 1015 1470 τέλος
1036 1393 1175 1474 ἔσσεται,
1198 1386 1276 1461 ούδὲ
1299 1387 1419 1478 φύγοις
1442 1387 1484 1460 ἀν

483 1484 542 1575 όξύ
563 1485 781 1576 κασιγνήτοιο
803 1485 878 1572 βιόν
900 1494 1124 1578 βεβολημένον
1147 1491 1180 1571 ές
1202 1493 1245 1558 σέ.

566 1595 621 1658 καί
644 1585 724 1660 τότε
747 1583 776 1657 δ’
799 1580 873 1659 αὖτ’
895 1587 987 1678 ἄρξει
1010 1585 1237 1677 θυμοφθόρος
1258 1587 1405 1670 ἄσπετος
1427 1592 1541 1659 αἴθων

479 1693 515 1758 ἐκ
537 1693 675 1777 γενετῆς
697 1693 864 1777 βασιλῆος,
887 1682 925 1770 ός
947 1686 1124 1776 Αἰγύπτου
1145 1694 1243 1776 γένος
1265 1687 1337 1774 ἕξει,

480 1781 669 1875 ὁπλότερος
691 1793 761 1875 μέν,
784 1786 918 1858 πολλόν
941 1783 1136 1874 ἀρειότερος
1158 1793 1193 1858 δὲ
1215 1795 1387 1876 συναίμου,

480 1881 681 1976 ὀγδοήκοντ’
705 1884 864 1976 ἀριθμῶν
887 1880 925 1970 ὃς
947 1891 1086 1973 ἔλλαχεν
1108 1891 1258 1958 έντυπον
1281 1883 1398 1975 ἀρχήν·

480 1991 535 2055 καὶ
559 1984 639 2057 τότε
662 1982 690 2056 δ’
715 1983 906 2058 ἀθανάτοιο
928 1994 1014 2058 θεοῦ
1036 1993 1210 2074 θυμαλγέα
1231 1992 1333 2076 μῆνιν

479 2081 605 2174 κόσμος
627 2078 715 2168 ἀπας
736 2083 879 2168 κόλποις
901 2081 1100 2172 ὑποδέξεται
1123 2087 1234 2158 εἵνεκα
1257 2091 1366 2174 τιμῆς·

355 2224 359 2234 ·
477 2186 571 2256 ἔσται
593 2185 656 2275 γὰρ
677 2181 879 2274 μερόπεσσιν
900 2191 1093 2275 ἐφημερίοις
1115 2181 1316 2274 ἀνθρώποις

480 2290 570 2374 λιμοὶ
591 2291 648 2355 καὶ
670 2292 781 2372 λοιμοὶ
803 2281 948 2374 πόλεμοί
969 2280 999 2355 τ’
1023 2279 1263 2372 ἀνδροκτασίαι
1286 2312 1323 2353 τε

479 2391 535 2454 καὶ
558 2380 680 2465 σκότος
703 2379 879 2474 ἀκάματον
902 2388 979 2474 [καί]
1003 2389 1058 2456 ἐπὶ
1079 2384 1191 2472 χθόνα
1212 2391 1340 2473 μητέρα
1363 2389 1458 2455 λαῶν

481 2480 533 2573 ἥδ
555 2478 785 2574 ἀκαταστασίη
807 2491 936 2572 καιρῶν
958 2491 1014 2554 καὶ
1037 2479 1204 2572 ἀμείλιχος
1226 2477 1310 2572 όργὴ

482 2579 674 2670 οὐρανόθεν
696 2593 822 2672 αεισμοί
843 2612 881 2654 τε
902 2591 1060 2672 κεραυνοί
1081 2588 1151 2670 <τε>
1174 2588 1401 2672 φλεγέθοντος

480 2690 537 2754 καὶ
560 2679 669 2752 λάινοι
690 2679 783 2754 ύετοὶ
805 2691 860 2753 καὶ
882 2681 1045 2772 αύχμηραὶ
1068 2680 1211 2769 φεκάδες
1234 2687 1312 2771 (τε).

482 2788 591 2853 σείετο
614 2779 642 2852 δ
665 2776 707 2854 αύ
732 2791 877 2874 Φρυγίης
899 2791 993 2872 γαίης
1016 2783 1150 2853 αἰπεινὰ
1173 2779 1312 2871 κάρηνα,

481 2889 616 2952 σείοντο
638 2891 825 2954 Σκυθικῶν
848 2879 960 2972 ἀρέων
980 2879 1092 2966 πόδες,
1117 2885 1252 2970 ίτρεμεν
1275 2880 1369 2969 ἀστη,

481 2984 596 3069 ἔτρεμε
620 2988 655 3053 δὲ
676 2985 777 3070 χθων
797 2989 889 3054 πᾶσα
910 2982 994 3071 μετὰ
1015 2990 1132 3068 σφίσιν
1152 2975 1310 3064 Ἑλλάδος
1332 2984 1414 3069 αίης.

480 3077 659 3152 πολλαὶδ
682 3075 762 3152 αύτε
784 3078 900 3164 πόλεις
922 3110 960 3151 τε
982 3087 1068 3152 θεοῦ
1088 3087 1171 3170 μέγα
1193 3078 1414 3169 θυμήναντος

440 3334 499 3392 215
517 3335 579 3388 Ans.
598 3334 652 3404 vgl.
666 3334 698 3388 V.
715 3334 757 3388 87.
778 3363 811 3372 -
832 3329 864 3390 αἶ
883 3329 947 3400 (αἴ),
967 3333 1133 3403 μέλεοιΜεί
1151 3333 1284 3403 αίμάλεοι
1302 3335 1353 3388 VH
1376 3331 1508 3402 αἰμαλέοι
1531 3333 1554 3399 Q
1577 3335 1663 3402 αίμαΙ

354 3417 415 3475 λέοι
432 3419 460 3472 M
480 3420 535 3490 vgl.
554 3419 587 3474 V.
606 3421 663 3474 146.
676 3449 709 3458 -
722 3419 862 3487 Καδμεῖοι
879 3420 925 3474 Rz.
944 3423 993 3476 καί
1010 3422 1118 3492 δαρεῖοι
1136 3421 1164 3474 Ω
1178 3423 1181 3488 Ι
1196 3419 1255 3476 216
1274 3419 1397 3488 Πηνειόν
1409 3418 1488 3473 Alex.
1506 3419 1609 3488 πηνιόν
1620 3421 1648 3472 Ω

355 3503 414 3560 217
432 3499 590 3574 όψίδμητον
607 3503 689 3557 Mein.
712 3499 872 3572 ίψίτμητον
890 3505 919 3558 Ω
941 3505 946 3574 Ι
970 3504 1030 3560 218
1052 3523 1082 3560 so
1105 3504 1192 3559 Gllelx.
1211 3504 1282 3568 Bur„
1307 3501 1411 3572 αὐχένα
1433 3521 1465 3558 τε
1483 3511 1618 3574 πτερικοῦ
1634 3523 1665 3558 τε

353 3585 446 3658 μέγαν
460 3590 524 3658 περὶ
537 3585 599 3660 ῥίον
612 3585 741 3656 όλύμτιου
753 3589 782 3642 Ω
796 3586 901 3658 αὐχένα
913 3588 1048 3660 Πιερικόν
1061 3607 1091 3644 τε
1104 3591 1170 3660 περὶ
1181 3586 1244 3660 βίον
1259 3587 1404 3656 Ολύμποιο
1417 3588 1500 3642 Mein.
1516 3590 1520 3654 Ι
1535 3587 1596 3644 220
1609 3587 1664 3658 vgl.

355 3673 387 3726 V.
401 3675 452 3728 158
466 3674 471 3742 Ι
486 3673 542 3729 221
558 3673 668 3741 κόσμον
681 3673 781 3727 Alex‘?
801 3674 912 3742 κόσμου
924 3676 952 3728 Ω
968 3677 971 3742 Ι
987 3671 1046 3730 222
1059 3672 1114 3743 vgl.
1127 3672 1162 3725 V.
1176 3674 1226 3728 100
1241 3675 1244 3739 Ι
1260 3671 1320 3728 223
1331 3671 1396 3743 βιόν
1409 3671 1482 3744 (βίον
1494 3671 1530 3740 Η)
1543 3672 1572 3725 Ω
1582 3668 1666 3744 βέλος

353 3756 436 3812 Mein.
460 3787 491 3796 -
514 3756 708 3829 βεβολημένον
731 3758 787 3812 Mai
813 3757 1010 3830 βεβολημένοα
1026 3758 1060 3828 ἷΩ
1079 3760 1083 3826 Ι
1103 3757 1163 3813 224
1184 3757 1240 3826 vgl.
1259 3755 1292 3809 V.
1311 3759 1351 3809 27.
1374 3787 1407 3795 -
1429 3756 1621 3826 θυμοφθόρος
1637 3752 1665 3811 ἄ.

354 3837 447 3896 αἴθων
464 3841 520 3911 vgl.
539 3841 571 3896 V.
584 3843 625 3896 28.
644 3873 676 3882 —
695 3839 818 3909 ἄσπετος
831 3837 923 3898 αίθων
936 3844 1057 3898 verlesen
1070 3859 1119 3895 aue
1131 3842 1170 3894 ΙΙΙ
1182 3843 1240 3904 611,
1258 3858 1365 3895 woraus
1383 3838 1478 3906 αἰετός
1495 3837 1588 3896 πίθων
1600 3841 1647 3895 Rz.
1661 3846 1662 3855 ¹

353 3923 412 3980 225
431 3921 463 3990 ός
481 3965 487 3978 .
501 3965 506 3977 .
520 3967 526 3979 .
545 3919 601 3990 ἕξει
614 3927 670 3994 vgl.
683 3927 715 3979 V.
729 3927 786 3982 138.
804 3959 837 3968 —
854 3922 909 3994 ἕξει
922 3927 999 3982 Alex.
1012 3927 1110 3981 Friedl.
1123 3922 1182 3994 ίΙξει
1195 3927 1223 3980 Ω
1238 3927 1242 3992 Ι
1258 3925 1317 3982 226
1331 3923 1437 3980 πολλόν
1451 3925 1496 3980 lle.
1510 3930 1623 3980 πολλῶν
1636 3929 1665 3980 Ω

353 4011 449 4080 πολλῷ
468 4009 533 4062 Mei.
545 4039 578 4048 -
590 4005 755 4082 ἀρειότερος
772 4013 849 4066 Alex.
867 4007 1016 4084 ἀριστερὸς
1032 4012 1061 4065 Ω
1075 4013 1079 4078 Ι
1095 4009 1153 4066 227
1172 4004 1338 4080 ὀγδοήκοντ’
1350 4007 1484 4080 ἀριθμῶν
1498 4035 1532 4054 =
1543 4011 1594 4065 XII
1613 4013 1665 4066 238

353 4093 401 4159 (Xl
420 4093 487 4160 100).
505 4123 539 4132 -
558 4091 590 4158 ός
672 4093 761 4168 ἀρχήν
779 4097 835 4166 vgl.
853 4096 885 4151 V.
904 4097 962 4152 205.
982 4097 1005 4148 V
1024 4099 1064 4150 15.
1087 4125 1121 4136 —
1147 4090 1190 4160 όςι
1209 4089 1241 4160 ός
1258 4089 1282 4150 τ’
1299 4095 1377 4149 Alex.
1396 4125 1429 4134 -
1448 4089 1548 4166 ἔλαχεν
1566 4092 1641 4159 07Η
1658 4087 1662 4144 l

353 4175 447 4234 2281.
465 4175 520 4246 vgl·
540 4179 552 4230 Ι
570 4183 628 4236 400.
647 4209 680 4220 -
698 4179 864 4251 θυμαλγέαν
883 4182 930 4249 ΩΙ
946 4181 1005 4236 229
1023 4179 1141 4246 κόλποις
1157 4197 1211 4247 Ιοιιε
1229 4180 1310 4236 1400
1328 4180 1407 4234 Alex.
1430 4179 1549 4248 κόσμοις
1567 4181 1603 4233 Ω.
1632 4209 1664 4218 -

353 4267 446 4330 τιμῆςῑ
468 4267 569 4330 ποινῆς
586 4263 667 4318 Mdle.
686 4265 747 4320 Bur.
774 4283 822 4320 aue
841 4265 865 4318 V
884 4268 923 4332 70,
943 4265 1014 4320 doch
1033 4264 1088 4334 vgl.
1106 4265 1186 4320 Hom.
1205 4264 1255 4319 Od.
1274 4267 1291 4330 ξ
1308 4265 1340 4318 70
1355 4265 1359 4328 Ι
1375 4263 1468 4321 2301.
1492 4263 1548 4333 vgl.
1566 4263 1603 4317 IV
1622 4265 1663 4319 08.

352 4377 385 4384 -
404 4346 464 4403 230
482 4341 560 4402 ἔσται
578 4347 634 4420 γὰρ
652 4351 681 4403 Ω
698 4344 808 4406 ἔσσοντ’
825 4344 862 4422 ἂρ
880 4350 926 4404 Re.
942 4350 947 4418 Ι
962 4349 1022 4406 232
1043 4351 1092 4404 καὶ
1116 4345 1163 4404 ἐπὶ
1179 4350 1209 4403 Ω
1226 4367 1256 4404 τε
1275 4345 1320 4404 ἐπί
1338 4349 1418 4402 Mdle.
1438 4345 1483 4403 ἐπί
1503 4349 1589 4404 Gllek.
1607 4349 1662 4418 vgl.

352 4431 386 4487 V.
405 4433 463 4487 183.
480 4433 522 4488 53.
540 4461 573 4472 -
590 4431 700 4504 μητύρα
719 4432 768 4498 Qv
783 4437 787 4501 Ι
803 4433 863 4492 234
890 4435 1002 4503 σεισμοί
1093 4431 1282 4505 φλεγέθοντες
1304 4434 1359 4504 vgl.
1383 4433 1408 4488 II
1427 4437 1451 4489 6.
1473 4461 1506 4472 -
1528 4435 1664 4504 κεραυνοί

353 4533 383 4570 τε
395 4515 452 4570 Mai
468 4519 603 4588 κεραυνοί
621 4519 650 4573 Ω
665 4521 667 4586 Ι
683 4519 742 4576 235
760 4520 823 4574 Anf.
842 4519 896 4590 vgl.
915 4521 966 4574 XII
985 4523 1025 4576 75.
1038 4549 1070 4558 -
1082 4521 1131 4574 καὶ
1155 4517 1247 4572 λάϊνοι
1264 4519 1344 4572 Alex.
1362 4519 1488 4574 κελαιναί
1501 4521 1543 4588 ΙΞ
1556 4517 1607 4572 XII
1622 4521 1662 4579 75)

353 4601 389 4654 Ω.
407 4629 440 4640 -
459 4597 536 4657 ὑετοί
554 4603 640 4657 Gffck.
659 4596 689 4658 θ’
705 4597 782 4659 ὑετοί
800 4606 829 4658 Ω
845 4605 926 4659 Alex.
938 4635 968 4644 -
982 4623 1014 4660 τε
1032 4611 1063 4667 -Ι-
1082 4602 1159 4658 Alex.
1173 4611 1206 4661 <
1219 4603 1248 4655 Ω
1262 4603 1266 4670 Ι
1282 4601 1341 4659 237
1354 4598 1424 4672 ἀστη
1438 4603 1520 4658 Mein.
1534 4597 1603 4658 ίίοτι·
1617 4605 1660 4670 ΩΙ

352 4683 412 4740 238
430 4679 493 4753 αἴης
509 4685 587 4741 Alex.
606 4681 677 4759 ἄσης
695 4691 731 4742 Ω.
