3774 5596
769 505 842 573 vm,
859 505 1002 563 εει-εει.

356 666 475 741 Ῥεύσει
497 665 525 740 δ
548 667 741 760 οὐρανόθεν
762 667 918 759 ποταμὸς
939 666 1048 758 πυρὸς
1069 664 1127 760 ἡδὲ
1149 677 1273 742 θεείου.

358 775 457 859 Σῆμα
479 774 517 840 δέ
537 799 591 840 τοι
614 769 695 842 τότε
715 775 798 840 πᾶσι
818 779 965 858 βροτοῖς,
988 777 1129 859 σφρηγὶς
1150 774 1309 859 ἐπίσημος

233 901 272 940 ειε
361 867 403 940 Τὸ
426 866 530 954 ξύλον
551 873 588 939 ἐν
608 887 752 954 πιστοῖς,
775 869 816 942 τὸ
838 877 938 959 κέρας
959 868 1000 940 τὸ
1022 867 1243 958 ποθούμενον
1265 873 1367 944 ἐσται,

356 964 507 1058 Ἀνδρῶν
528 966 693 1054 εὐσεβέων
716 967 797 1059 ζωή,
818 967 1019 1060 πρόσκομμα
1041 975 1076 1040 δὲ
1097 964 1233 1056 κόσμου,

349 1061 466 1138 Ὕδασι
489 1077 644 1156 φωτίζον
664 1068 813 1158 κλητοὺς
834 1073 872 1144 ἐν
892 1069 1023 1140 δώδεκα
1045 1087 1179 1158 πηγαῖς·

355 1163 489 1250 Ῥάβδος
511 1177 735 1257 ποιμαίνουσα
757 1175 905 1259 σιδηρείη
928 1197 964 1258 γε
986 1167 1151 1257 κρατήσει.

362 1257 473 1348 Οὗτος
496 1263 514 1338 ὁ
538 1275 600 1340 νῦν
622 1275 831 1357 προγραφεὶς
852 1273 890 1341 ἐν
913 1263 1137 1357 άκροοτιχίοις
1159 1269 1241 1351 θεὸς
1264 1265 1360 1358 ἡμῶν

233 1397 273 1438 ιεο
356 1365 484 1455 Σωτὴρ
508 1363 682 1450 άθάνατος
703 1367 865 1454 βασιλεύς,
888 1363 908 1440 ὁ
929 1368 1057 1439 παθῶν
1081 1365 1161 1457 ἕνεχ’
1185 1364 1289 1458 ἡμῶν.

445 1461 486 1536 ὃν
507 1473 634 1556 Μωσῆς
656 1467 809 1540 ἐτάπωσε
831 1477 1014 1558 προτείνας
1036 1466 1168 1551 οδλένας
1190 1463 1295 1557 ἁγνάς

360 1572 467 1636 νικῶν
489 1563 553 1637 τὸν
575 1563 720 1656 Ἀμαλὴκ
741 1577 861 1652 πίστει,
885 1571 939 1640 ἵνα
961 1567 1044 1650 λαὸς
1065 1575 1193 1657 ἐπιγνῷ

359 1662 521 1736 ἐκλεκτὸν
541 1667 634 1755 παρὰ
655 1675 759 1756 πατρὶ
781 1675 853 1756 θεῷ
875 1675 931 1740 καὶ
954 1676 1066 1757 τίμιον
1088 1668 1175 1739 εἶναι

319 1819 379 1876 243
391 1819 447 1890 vgl.
461 1821 486 1875 ίΙ
500 1823 557 1878 196.
566 1851 599 1860 -
609 1821 670 1878 244
682 1823 814 1892 σφρηγίςι
826 1822 890 1876 sehr
900 1823 1025 1894 hlufiger
1036 1823 1141 1892 Begriff
1155 1823 1185 1876 in
1196 1820 1368 1876 christlicher
1380 1821 1542 1876 Littamum:

237 1905 324 1975 Apok.
336 1903 398 1960 Joh.
412 1907 437 1971 7,
448 1906 473 1962 2.
503 1905 649 1962 constitut.
668 1909 753 1976 εροεί.
766 1924 791 1976 p.
803 1908 845 1972 26,
864 1907 904 1962 10.
916 1907 959 1970 66,
972 1909 1012 1964 16.
1027 1911 1081 1969 111,
1102 1911 1124 1963 l.
1136 1911 1153 1964 5
1165 1907 1231 1976 Lag.
1244 1925 1269 1960 u.
1282 1912 1306 1960 δ.
1324 1933 1358 1944 -
1376 1904 1435 1962 245
1446 1903 1544 1976 κέραςι

236 1991 292 2062 vgl.
316 1991 508 2046 5311155.
530 1993 613 2056 2,10.
636 1991 709 2046 ΡεεΙ.
728 1993 845 2058 131,17.
867 1991 935 2046 Luk.
955 1994 978 2056 1,
1001 1993 1043 2048 68.
1066 2022 1097 2030 -
1119 1989 1318 2059 ποθούμενονῐ
1347 1989 1402 2060 vgl.
1420 1988 1545 2058 cyrillus'

239 2076 316 2131 Brief
330 2075 374 2130 bei
393 2074 498 2129 Nestlo:
522 2075 666 2143 Byzantia
689 2075 817 2130 Zeitsohr.
834 2075 874 2130 lV
892 2076 953 2142 325,
972 2077 989 2130 6
1014 2074 1047 2130 τὸ
1065 2073 1270 2144 πεποθημένον
1291 2075 1386 2142 ζίιλονι
1413 2073 1545 2128 11515-

237 2161 297 2218 240
314 2161 391 2215 Rom.
410 2160 434 2222 9,
452 2161 494 2214 33.
516 2188 549 2198 -
572 2159 630 2216 247
650 2161 772 2230 φωτίζον
795 2159 861 2230 (ng.
881 2159 914 2212 V.
932 2160 1004 2228 271):
1031 2177 1087 2214 ιοιι
1108 2160 1157 2214 der
1178 2163 1203 2214 2.
1220 2158 1315 2214 Haste
1336 2158 1384 2212 doe
1401 2159 1425 2212 2.
1444 2156 1487 2211 Jh.
1510 2172 1545 2210 an

240 2245 387 2300 stehender
403 2243 548 2300 Ausdmek
570 2245 614 2298 θυι
636 2244 681 2299 die
697 2243 795 2308 Τυαίε,
822 2244 878 2314 vgl.
901 2244 999 2298 Justin.
1023 2243 1103 2313 Apol.
1126 2243 1196 2307 161,
1216 2247 1255 2298 14.
1292 2243 1407 2298 constit.
1430 2241 1545 2312 apostol.

238 2347 263 2400 p.
282 2332 339 2394 110,
357 2331 452 2386 9129.
472 2331 511 2382 14.
524 2329 583 2395 242,
602 2331 642 2384 14.
654 2329 712 2392 243,
731 2330 747 2384 3
765 2329 831 2399 Lag.
850 2347 876 2383 ιι.
888 2334 913 2382 5.
931 2327 1084 2396 (ΗιιιιιιιοΙιε
1103 2327 1545 2398 Dogmengesehichbe1199).—

237 2413 297 2470 248
319 2414 407 2484 Apok.
426 2413 486 2469 Joh.
507 2415 531 2478 2,
549 2416 590 2468 27.
619 2415 658 2476 12,
676 2417 701 2469 5.
729 2413 768 2476 19,
788 2415 828 2468 15.
855 2441 886 2452 -
914 2401 1071 2470 2501110r
1100 2414 1149 2467 das
1176 2429 1263 2482 ganzo
1285 2411 1369 2466 Stfiok
1388 2413 1444 2481 vgl.
1471 2412 1544 2466 noch

241 2497 414 2552 Constantini
437 2499 505 2552 orat.
524 2497 560 2551 ad
578 2501 663 2552 εοιιεί.
682 2501 750 2553 οοεί.
769 2499 801 2552 19
822 2491 891 2552 Ἀλλ’
913 2493 941 2552 ολ
958 2499 1060 2552 πολλοὶ
1076 2503 1134 2552 τῶν
1151 2492 1316 2567 ἀνθρώπων
1333 2493 1482 2552 ἀπιποῦσι
1499 2497 1547 2550 καὶ

238 2576 321 2637 ταῦθ’
339 2579 547 2652 ὁμολογοῦντες
564 2575 733 2654 Ἐρυθραίαν
755 2585 928 2653 γεγενῆσθαι
945 2582 1086 2654 Σίβυλλαν
1103 2579 1213 2648 μάντιν,
1231 2577 1421 2637 ὑποπτεύουσι
1438 2577 1467 2635 δέ
1484 2597 1547 2634 τινα

238 2671 297 2720 τῶν
315 2671 364 2732 τῆς
382 2663 520 2736 ἡμετέρας
536 2667 698 2738 θρησκείας,
716 2677 862 2735 ποιητικῆς
878 2665 987 2734 μούσης
1000 2663 1053 2721 οὐκ
1065 2661 1196 2736 δίμοιρον,
1215 2663 1250 2720 τά
1263 2659 1315 2734 ἔπη
1328 2671 1417 2720 ταῦτα
1429 2681 1545 2732 πεποιη-

206 2779 209 2787 ·
239 2747 332 2815 κέναι,
360 2748 535 2806 νοθεάεσθαί
559 2769 590 2808 τε
616 2749 701 2818 αὐτά,
727 2753 777 2806 καί
800 2749 937 2823 Σιβύλλης
962 2751 1144 2818 θεσπίσματα
1172 2743 1245 2806 εἶναι
1271 2749 1417 2819 λέγεσθαι,
1444 2742 1546 2818 ἔχοντα

242 2838 391 2906 βιωφελεῑς
412 2830 543 2905 γνώμας,
564 2836 616 2904 τὴν
638 2838 744 2904 πολλὴν
765 2841 823 2890 τῶν
845 2836 954 2904 ἡδονῶν
976 2832 1203 2907 περικοπτούσας
1219 2829 1349 2899 ἐξουσίαν
1366 2835 1416 2890 καί
1433 2829 1479 2889 ἐπί
1495 2831 1546 2887 τδν

240 2915 377 2988 σώφρονά
400 2937 432 2975 τε
453 2921 502 2974 καί
522 2919 644 2988 κόσμιον
665 2920 730 2992 βίον
748 2915 917 2990 δδηγοάοας·
944 2915 975 2975 ἐν
993 2926 1140 2990 προφανεῖ
1152 2911 1177 2972 δ’
1194 2915 1323 2987 άλὴθεια,
1341 2923 1390 2986 τῆς
1407 2923 1464 2972 τῶν
1482 2915 1546 2985 ἡμε-

239 3000 330 3074 τέρων
357 3001 468 3074 ἀνδρῶν
495 2999 655 3072 ἐπιμελείας
683 3001 851 3072 συλλεζάσης
876 3003 942 3069 τοὺς
965 3003 1087 3076 χρόνους
1114 2999 1327 3075 ἀκριβέστερον,
1355 2997 1395 3067 ὼς
1420 3000 1492 3073 πρὸς
1514 3001 1547 3058 ιδ

241 3086 347 3155 μηδένα
373 3086 521 3154 τοπάζειν,
551 3085 623 3156 μετὰ
654 3090 704 3157 την
735 3095 786 3143 τοῦ
815 3089 941 3159 Χριστοῦ
970 3086 1099 3143 κάθοδον
1124 3089 1174 3142 καί
1198 3087 1290 3159 κρίσιν
1316 3089 1487 3157 γεγενῆσθαι
1514 3085 1547 3142 τὸ

240 3172 387 3238 ποίημα..
401 3211 427 3224 ..
445 3203 477 3210 -
496 3171 553 3228 251
565 3173 588 3228 ί.
606 3173 724 3226 Βοιιιελι.
743 3190 783 3242 ep.
806 3175 843 3239 12,
862 3175 879 3228 2
904 3171 980 3243 λέγει
1003 3171 1032 3228 δὲ
1058 3169 1143 3227 πάλιν
1167 3174 1246 3243 (περὶ
1268 3179 1319 3228 τοῦ
1346 3173 1482 3243 σταυροῦ)
1506 3177 1546 3243 τῷ

240 3255 363 3324 Μωῦσῇ,
382 3253 598 3324 πολεμουμένου
615 3264 667 3312 τοῦ
684 3249 792 3328 Ἰσραὴλ
810 3253 865 3312 ὑπὸ
882 3264 940 3312 τῶν
958 3255 1133 3326 ἀλλοφύλων,
1150 3259 1199 3311 καί
1214 3251 1262 3311 ἰ’να
1281 3251 1429 3324 ὑπομνήσῃ
1447 3253 1549 3320 αὐτοὺς

241 3338 479 3408 πολεμουμένους,
503 3335 546 3396 ὅτι
568 3340 612 3396 διὰ
635 3339 686 3407 τὰς
704 3337 845 3414 ἁμαρτίας
863 3340 956 3397 αὐτῶν
974 3340 1176 3413 παρεδόθησαν
1193 3337 1234 3404 είς
1251 3338 1392 3396 θάνατον·
1417 3339 1492 3410 λέγει
1510 3337 1550 3404 εἰς

243 3424 294 3490 τὴν
311 3424 430 3494 καρδίαν
448 3423 595 3490 Μωῦσέως
611 3425 644 3480 τὸ
663 3434 782 3494 πνεῦμα,
798 3421 846 3482 ἰ’να
863 3428 966 3495 ποιὴση
984 3423 1090 3480 τύπον
1109 3431 1257 3496 σταυροῦ
1273 3425 1323 3478 καί
1334 3431 1387 3480 τοῦ
1397 3423 1550 3492 μέλλοντος

242 3505 374 3576 πάσχειν,
394 3503 445 3574 δτι,
464 3505 514 3564 ἐὰν
531 3511 583 3579 μή,
602 3511 702 3580 φησίν,
721 3507 870 3565 ἐλπίσωσιν
887 3504 933 3565 ἐπ’
951 3507 1038 3580 αὐτῷ,
1057 3507 1098 3574 είς
1115 3507 1164 3564 τὸν
1183 3506 1274 3563 αἰῶνα
1292 3511 1549 3578 πολεμηθὴσονται.

241 3591 352 3661 τίθησιν
371 3591 421 3647 οίν
433 3595 558 3661 Μωῦσῆς
575 3589 606 3649 ἐν
624 3589 669 3664 ἐφ’
686 3591 716 3648 ’ἐν
735 3589 825 3649 ίπλον
843 3591 874 3650 ἐν
891 3593 969 3668 μέσῳ
986 3599 1036 3662 τῆς
1053 3599 1165 3664 πυγμῆς
1181 3594 1229 3647 καὶ
1247 3595 1362 3657 σταθείς
1374 3589 1551 3664 ὑψηλότερος

327 3744 386 3800 243
406 3744 462 3814 vgl.
481 3743 506 3797 II
526 3745 581 3800 106.
599 3774 633 3784 -
651 3745 740 3818 πυρὸς
752 3787 758 3799 .
771 3787 798 3800 ..
821 3747 919 3802 θεείου
936 3745 1036 3815 vgl.11
1054 3747 1111 3802 204.
1129 3775 1162 3785 -
1180 3751 1235 3816 πῦρ
1254 3747 1289 3799 Φ.
1307 3775 1340 3784 -
1358 3745 1455 3800 θεείου
1473 3743 1549 3799 Alex.

243 3829 342 3884 θεοίου
360 3829 388 3882 Ω
409 3845 440 3883 τε
458 3828 541 3883 θείου
561 3831 590 3882 Ψ
609 3846 642 3899 γε
667 3831 749 3886 θείου
766 3830 858 3886 Const.
879 3829 941 3884 Vah
960 3830 1022 3884 Par.
1046 3831 1128 3886 θείου
1146 3829 1229 3894 Mose„
1248 3829 1331 3883 Marc.
1349 3847 1380 3884 τε
1398 3831 1479 3884 θεῖον
1499 3830 1525 3882 Φ
1547 3838 1548 3861 ¹

242 3913 301 3969 244
331 3931 376 3967 τοι
398 3912 489 3968 Οοιιεί.
511 3931 539 3967 τι
565 3913 628 3968 vat.
653 3917 710 3970 573.
734 3931 780 3970 σοι
802 3915 830 3969 Ω
852 3926 883 3972 <
903 3916 968 3969 ΦΨ.
989 3943 1023 3954 -
1040 3914 1106 3970 τότε
1129 3916 1158 3969 Ω
1175 3923 1208 3972 <
1226 3915 1286 3968 ΦΨ
1307 3913 1376 3969 πδτε
1404 3913 1495 3968 const.
1519 3943 1551 3952 —

243 4001 359 4068 βροτοῖς
385 3997 476 4051 const.
502 4000 631 4069 βροτοῖσι
653 4001 713 4054 ΦΨ
736 4009 769 4058 <
791 4000 827 4054 Ω.
849 4030 882 4038 -
905 4001 1025 4071 σφρηγὶς
1050 3999 1182 4068 (σφραγὶς
1208 4000 1276 4065 ΦΨ)
1302 3994 1440 4066 ἐπίσημος
1466 3999 1554 4051 ΩΦΨ

245 4073 458 4153 ἀριδείκετον
470 4069 545 4136 οἷον
558 4083 648 4136 Const.
664 4085 669 4151 Ι
684 4083 742 4139 245
754 4082 787 4138 ιδ
799 4081 885 4152 κέρας
896 4080 929 4137 τὸ
942 4083 1092 4154 περίδοξον
1104 4077 1183 4138 ἔσται
1194 4080 1378 4150 ποθούμενον
1391 4081 1454 4135 Vah
1467 4083 1532 4137 1357

243 4163 302 4222 246
321 4161 444 4236 εὐσεβῶν
463 4167 498 4220 Ω.
516 4195 550 4204 -
567 4165 608 4222 ab:
626 4185 657 4223 τε
676 4168 768 4222 οοιιει.
784 4170 788 4234 Ι
804 4168 862 4223 247
881 4166 1032 4235 vgl.1339.
1051 4195 1084 4206 -
1101 4161 1180 4222 δδατι
1198 4166 1255 4220 VH.
1274 4197 1306 4208 -
1325 4167 1449 4236 φωτίζον
1461 4167 1552 4222 Οοιιιῦ.

246 4247 306 4303 vat..
330 4249 413 4302 Marc.
436 4248 498 4302 Par.
525 4251 654 4319 φωτίζων
677 4253 766 4306 ΩΦΨ
787 4253 877 4306 Οοιιεῦ.
901 4249 984 4304 Μοεο.
1003 4280 1036 4289 -
1054 4249 1117 4306 Vnt.
1140 4253 1214 4308 1357.
1232 4280 1265 4290 -
1282 4250 1411 4320 κλητοὺςε
1439 4250 1554 4315 πιστοὺς

246 4335 337 4389 Οοιιεί.
359 4334 443 4389 Mose.
466 4333 548 4388 Μεις.
567 4335 628 4389 Par.
653 4335 740 4403 1248
758 4333 862 4410 ῥᾷβδος
880 4336 916 4389 Ω.
934 4363 967 4374 -·
985 4335 1108 4406 σιδηρείη
1127 4336 1218 4390 eonst.
1237 4337 1344 4408 σιδηρίη
1363 4337 1391 4391 Ω
1414 4336 1477 4390 Vat.
1494 4337 1553 4390 573.

247 4416 344 4490 σιδηρά
364 4419 408 4471 ΡΒ
427 4421 527 4493 σιδηρᾷ
545 4421 606 4472 ΑΨ.
624 4449 657 4459 -
675 4435 720 4488 γε;
746 4421 837 4475 Const.
855 4437 885 4476 τε
905 4420 1010 4485 ΩΦΨΙ
1027 4418 1086 4475 249
1104 4417 1294 4492 άνροστιχίοις
1311 4421 1340 4474 Ω
1358 4419 1449 4476 Consu
1468 4415 1551 4492 άκρο-

246 4503 364 4572 οτίχοισι
379 4505 408 4557 Ψ
417 4499 630 4573 άκροστιχίσι(ν)
644 4504 680 4558 Φ.
692 4535 724 4544 -
737 4503 806 4570 θεὸς
817 4505 898 4573 ημῶν
911 4505 971 4558 ΦΨ
981 4504 1072 4558 comt.
1084 4505 1267 4572 θεοσημείοις
1279 4505 1308 4558 Ω
1319 4507 1475 4574 θεοσὴμοις
1487 4503 1533 4557 Βτ.

247 4585 307 4644 250
325 4581 409 4656 εἵνεχ’
429 4589 458 4640 Ψ
474 4589 479 4654 ί
494 4587 552 4643 251
571 4593 686 4656 μωυοῆς
703 4589 738 4642 Φ.
757 4619 788 4628 -
808 4584 916 4652 ῶλένας
933 4583 1023 4656 ἁγνάς
1039 4613 1073 4630 =
1090 4588 1130 4641 III
1147 4589 1195 4644 591
1212 4588 1400 4656 1252-255ι
1418 4590 1476 4644 254.
1495 4589 1553 4644 253.

244 4672 302 4726 252.
321 4671 371 4726 255
390 4672 417 4724 Ω
432 4673 436 4738 Ι
453 4671 511 4727 252
530 4678 627 4726 νικῶνι
647 4679 734 4728 κινῶν
751 4671 810 4727 VH.
829 4703 862 4712 -
879 4674 982 4729 ulam:
999 4671 1115 4744 γριστδν
1132 4672 1161 4725 Ω
1176 4675 1180 4740 Ι
1195 4661 1254 4730 253
1272 4670 1411 4730 ἐκλεκτῶν
1431 4671 1465 4727 Φ.
