3790 5570
803 520 1031 592 Prolog20-72.
1553 534 1571 596 3

335 685 399 775 τήν
416 691 571 773 Κυμαίαν
588 681 761 771 Δηιφόβην
783 692 880 754 καλεῖ
893 683 1049 756 Γλαύκου
1070 693 1253 774 θυγατέρα·
1276 681 1380 778 ὀγδόη
1403 683 1571 778 ήἙλληο-

334 792 460 856 ποντία
490 794 647 871 τεχθεῑσα
668 787 707 854 ἐν
732 782 829 871 κιύμη
852 791 1046 874 Μαρμησσῷ
1072 791 1149 872 περὶ
1175 785 1240 875 τήν
1266 795 1434 876 πολίχνην
1461 797 1571 876 Γεργι-

336 893 448 962 τίονα,
471 879 545 972 ήτις
567 887 682 970 ἐνορία
703 889 790 954 ποτὲ
816 880 972 972 Τρῳάδος
995 882 1175 972 ἐτύγχανεν
1197 890 1235 956 ἐν
1255 904 1385 974 καιροῖς
1406 885 1573 968 Σόλωνος

335 991 388 1053 καὶ
406 981 531 1072 Κύρου,
555 980 603 1065 ιδς
623 985 771 1072 ἔγραψεν
785 977 995 1072 Ἡρακλείδης
1015 979 1034 1053 ό
1050 981 1231 1066 Ποντικός·
1253 983 1379 1076 ἐννάτη
1395 983 1415 1074 ή
1433 995 1571 1077 Φρυγία·

335 1080 457 1171 δεκάτη
481 1081 501 1171 ή
527 1091 703 1172 Τιβουρτία
726 1076 869 1171 όνόματι
890 1079 1074 1167 Ἀβουναία

419 1191 503 1252 Φασὶ
518 1187 563 1266 δέ,
580 1180 628 1265 σός
644 1179 664 1272 ή
680 1189 812 1271 Κυμαία
828 1185 924 1252 ἐννέα
939 1190 1049 1266 βιβλία
1061 1189 1225 1271 χρησμῶν
1238 1191 1336 1256 ἰδίων
1350 1182 1569 1274 προσεκόμισε

339 1289 512 1371 Ταρκυνίῳ
544 1289 694 1372 Πρίσκῳ,
731 1286 781 1370 τῷ
817 1289 1004 1368 τηνικαῦτα
1033 1279 1245 1365 βασιλεύοντι
1275 1293 1348 1355 τῶν
1379 1281 1573 1374 Ῥωμαϊκῶν

335 1378 544 1470 πραγμάτων
567 1388 780 1470 τριακοσίους
795 1389 1011 1466 φιλιππείους
1025 1376 1110 1470 ύπὲρ
1126 1376 1243 1454 αύτῶν
1257 1382 1435 1474 ζητήσασα.
1470 1415 1572 1456 κατα-

335 1491 546 1570 φρονηθεῑσα
572 1485 685 1552 δὲκαὶ
708 1476 769 1552 ούκ
792 1485 1003 1570 ἐρωτηθεῖσα
1026 1487 1103 1551 τίνα
1125 1484 1196 1551 ἐστὶ
1218 1481 1261 1553 τά
1283 1489 1320 1554 έν
1342 1481 1459 1568 αύτοίς
1480 1515 1572 1574 περι·

337 1579 489 1670 εχόμενα,
525 1586 603 1670 πυρί
642 1584 838 1666 παρέδωκεν
873 1584 908 1666 ἐξ
936 1575 1054 1650 αὐτῶν
1088 1587 1173 1666 τρία.
1217 1573 1316 1666 αύθίς
1343 1613 1381 1654 τε
1411 1589 1449 1656 ἐν
1476 1587 1572 1676 ἑτέρῳ

335 1679 496 1770 προσόδῳ
518 1685 582 1752 τοῦ
603 1687 767 1763 βασιλέως
788 1677 997 1768 προσήνεγκε
1018 1679 1062 1750 τά
1084 1683 1118 1764 ἐξ
1139 1687 1248 1764 βιβλία
1264 1680 1328 1771 τήν
1343 1679 1451 1774 αύτήν
1465 1679 1573 1773 όλκήν

336 1777 569 1869 ἐπιζητήσασα.
607 1774 669 1856 ούκ
696 1773 879 1864 ἀξιωθεῖσα
905 1783 941 1848 δὲ
967 1776 1073 1866 λόγου
1093 1775 1197 1850 πάλιν
1221 1783 1358 1852 ἔκαυσεν
1377 1781 1465 1854 ἄλλα
1487 1793 1572 1870 τρία.

337 1881 409 1950 είτα
439 1883 475 1949 ἐκ
507 1886 627 1966 τρίτου
657 1882 881 1967 ἐπιφερομένη
908 1875 951 1948 τά
978 1885 1243 1965 περιλειφθέντα
1274 1887 1350 1968 τρία
1375 1889 1574 1972 προσῆλθεν

336 1985 476 2049 αἰτοῦσα
507 1977 548 2048 τὸ
576 1974 660 2048 αύτό
688 1985 813 2066 τίμημα
840 1983 995 2065 λέγουσα,
1027 1983 1056 2048 εί
1077 1979 1121 2067 μὴ
1145 1976 1255 2062 λάβοι,
1277 1987 1383 2052 καίειν
1403 1989 1458 2051 καὶ
1480 1979 1576 2054 αύτά.

336 2076 425 2160 τότε,
449 2085 566 2164 φασίν,
590 2074 609 2148 ό
631 2077 783 2162 βασιλεύς
805 2077 957 2164 ἐντυχών
980 2071 1095 2159 αύτοῑς
1116 2085 1171 2147 καί
1196 2077 1370 2169 θαυμάσας
1392 2083 1494 2151 έδωκε
1516 2089 1576 2170 μέν

337 2173 421 2264 ύπὲρ
443 2173 560 2248 αύτῶν
592 2177 715 2248 ἑκατόν
742 2184 958 2263 φιλιππείους
973 2183 1028 2246 καὶ
1046 2180 1225 2262 ἐκομίσατο
1269 2177 1368 2264 αύτά,
1395 2179 1575 2269 παρεκάλει

337 2283 371 2347 δὲ
386 2285 463 2364 περὶ
486 2283 558 2347 τῶν
581 2275 712 2348 ἄλλων·
736 2271 839 2364 αύτής
861 2281 896 2346 δὲ
920 2271 1165 2364 ἀπαγγειλάσης
1186 2275 1270 2366 μήτε
1293 2279 1337 2349 τά
1358 2284 1412 2349 ίσα
1434 2289 1507 2351 τῶν
1522 2286 1575 2368 ἐμ·

335 2383 564 2466 πρησθέντων
593 2378 679 2464 ἔχειν
709 2373 794 2464 μήτε
821 2403 854 2445 τι
880 2379 954 2462 δίχα
981 2380 1228 2464 ἐνθουσιασμοῦ
1253 2385 1416 2450 τοιοῦτον
1444 2387 1575 2464 εἰδέναι,

337 2473 412 2546 ἐσθ’
442 2471 498 2547 ότε
529 2482 566 2546 δέ
590 2502 686 2558 τινας
711 2481 748 2546 ἐκ
774 2473 951 2562 διαφόρων
972 2471 1110 2545 πόλεων
1131 2482 1186 2544 καί
1207 2484 1347 2564 χωρίων
1367 2483 1576 2569 ἐξειληφέναι

336 2575 378 2646 τὰ
406 2583 614 2665 νομισθέντα
641 2571 757 2656 αύτοίς
784 2569 948 2662 άναγκαῐα
968 2581 1023 2644 καί
1046 2578 1208 2662 ἐπωφελή
1229 2581 1284 2646 καὶ
1307 2581 1378 2648 δεῖν
1403 2581 1439 2664 ἐξ
1461 2577 1576 2650 αὐτῶν

337 2674 538 2764 συναγωγήν
564 2673 785 2764 ποιήσασθαι,
819 2680 924 2743 τοῦτο
952 2671 1093 2762 τάχιστα
1118 2681 1172 2744 καὶ
1194 2672 1406 2764 πεποιήκασι.
1449 2678 1576 2766 τὸγὰρ

337 2779 373 2846 ἐκ
400 2781 484 2846 θεοῦ
511 2780 616 2844 δοθὲν
639 2771 686 2854 σός
709 2769 849 2862 άληθῶς
871 2780 963 2862 μυχῷ
986 2780 1140 2862 κείμενον
1162 2770 1224 2845 ούκ
1246 2777 1355 2846 έλαθε.
1397 2786 1519 2848 πασῶν
1541 2784 1575 2848 δὲ

337 2883 410 2945 τῶν
432 2880 614 2958 Σιβυλλῶν
642 2872 684 2944 τὰ
710 2880 819 2955 βιβλία
847 2870 1063 2962 άπετέθησαν
1089 2877 1197 2961 ἐντῷ
1222 2881 1430 2963 Καπιτωλίῳ
1452 2871 1576 2965 Ῥώμης

337 2981 398 3064 τῆς
428 2978 654 3061 πρεσβυτέρας
685 2981 759 3043 τῶν
789 2979 850 3060 μέν
881 2979 942 3061 τῆς
965 2980 1115 3061 Κυμαίας
1143 2980 1427 3062 κατακρυβέντων
1457 2983 1513 3046 καὶ
1536 2973 1577 3047 ού

257 3101 262 3112 ·
338 3078 575 3144 διαδοθέντων
597 3077 644 3153 είς
666 3071 825 3154 πολλούς,
849 3072 962 3162 ἐπειδὴ
978 3072 1022 3143 τά
1037 3068 1269 3161 συμβησόμενα
1283 3077 1321 3143 ἐν
1334 3069 1454 3166 Ἰταλίη
1469 3075 1578 3147 ἰδικώ-

339 3201 419 3262 τερα
449 3178 505 3243 καὶ
537 3167 748 3260 τρανότερον
780 3167 992 3260 ἀνεφώνησε,
1024 3177 1097 3242 τῶν
1129 3177 1164 3240 δὲ
1197 3170 1316 3242 ἄλλων
1343 3179 1577 3260 γνωσθέντων

339 3265 471 3343 άπασιν.
515 3267 603 3342 άλλόι
630 3267 673 3340 τὰ
700 3276 761 3358 μὲν
785 3277 845 3360 τῆς
866 3267 1062 3358 Ἐρυθραίας
1083 3277 1361 3360 προγεγραμμένα
1384 3275 1448 3360 ἔχει
1471 3281 1575 3346 τοῦτο

355 3441 394 3498 46
414 3439 500 3511 ὀγδόη
511 3484 517 3497 .
529 3483 536 3495 .
550 3442 603 3498 .4θ
618 3483 623 3493 .
638 3482 663 3496 ..
683 3441 864 3506 ΠοντικόςΒ
874 3441 946 3495 Suid.
965 3445 1022 3508 742,
1041 3444 1107 3496 4-7
1121 3448 1153 3505 -ί-
1166 3441 1255 3496 Schol.
1274 3441 1346 3498 Plab.
1362 3446 1366 3511 Ι
1385 3445 1421 3498 49
1440 3441 1541 3515 ἐννάτη
1560 3449 1575 3514 ὴ

271 3527 382 3598 Φρυγία
392 3551 425 3569 ==
435 3525 525 3582 Sohol.
535 3525 604 3580 Plat.
614 3526 681 3581 Tiib.
691 3526 787 3582 Theos.
796 3555 829 3565 -
839 3526 880 3582 5⁰
889 3525 990 3594 δεκάτη
1003 3567 1009 3577 .
1021 3566 1042 3577 ..
1061 3520 1208 3597 Ἄβουναία
1217 3552 1250 3568 =
1260 3526 1333 3583 Suid.
1344 3530 1400 3590 742,
1414 3531 1455 3583 71.
1474 3533 1577 3587 Anecd.

270 3611 331 3664 Ροτ.
343 3641 376 3648 -
388 3609 456 3664 7111).
468 3609 565 3665 Theos.
583 3611 644 3664 hab:
663 3605 680 3664 ι’
693 3611 709 3679 ή
722 3608 870 3680 Αἰγυπτία,
888 3601 905 3680 ή
923 3605 1015 3679 όνομα
1028 3604 1186 3681 Ἄβουναία;
1205 3609 1276 3664 doch
1294 3612 1369 3666 kann
1387 3613 1443 3668 dies
1460 3633 1512 3667 nur
1529 3633 1577 3668 aus

270 3695 345 3748 einer
370 3694 621 3763 Randbemerkung
647 3697 794 3760 stammen,
822 3695 866 3749 die
894 3695 938 3748 ein
958 3696 1040 3750 Ιιεεετ
1067 3694 1114 3748 des
1141 3695 1265 3749 Clemens
1289 3695 1492 3764 (Strom.121,
1517 3702 1575 3767 108)

269 3779 386 3834 machte.
405 3809 438 3818 -
456 3779 570 3834 51—74
590 3779 646 3848 vgl.
664 3777 732 3832 Tiib.
751 3779 847 3833 Theos.
867 3781 923 3846 121,
941 3781 1051 3842 8-122,
1070 3783 1102 3834 15
1121 3779 1183 3836 Bur.

355 3931 394 3988 46
411 3931 548 4003 δηιφόβην
572 3948 620 3984 aus
638 3931 774 4003 δηιφόβης
792 3934 814 3982 Α
832 3932 978 4003 δηιφόβοις
995 3931 1011 3984 S
1031 3933 1035 3996 1
1056 3932 1094 3987 47
1114 3933 1295 4004 Μαρμησσῷε
1319 3933 1362 3986 die
1387 3933 1443 3988 alte
1461 3933 1577 4004 riohtige

225 4057 228 4066 .
270 4015 351 4069 Form
368 4015 507 4069 natiirlieh
523 4017 707 4088 Μαρπησσῷ,
726 4013 771 4068 die
789 4003 999 4085 Uberlieferuug
1012 4016 1112 4084 jedoch
1131 4016 1188 4069 will
1207 4017 1389 4089 Μαρμησσῷ;
1408 4019 1542 4088 μαρμίσω
1561 4021 1578 4072 S

271 4100 410 4172 (μαρσίσῳ
434 4101 468 4166 Α)
490 4101 649 4170 μαρμήσσω
673 4099 747 4154 Suid.
770 4105 928 4172 μαρμνσοῷ
951 4100 1039 4154 Schol.
1063 4101 1134 4154 plat.
1174 4099 1354 4155 Marmesso
1377 4103 1499 4156 Ιιοοίυυί.
1524 4103 1578 4158 div.

270 4183 333 4238 inst„
352 4184 406 4248 16,
426 4186 465 4246 12,
483 4183 539 4252 vgl.
558 4185 629 4238 auch
647 4185 800 4253 Stephanus
819 4183 961 4250 Byzantia.
980 4201 1005 4236 u.
1024 4183 1049 4237 d.
1068 4183 1112 4237 W.
1131 4184 1311 4255 Μερμησσός.
1328 4187 1332 4253 Ι
1348 4186 1462 4242 47-48
1481 4190 1578 4259 Γεργι-

270 4285 351 4322 τιονα
380 4270 407 4322 Φ
433 4267 490 4320 und
517 4284 547 4321 so
575 4267 618 4321 die
636 4267 791 4322 Tradition:
821 4267 992 4337 γεργετίωνα
1019 4267 1109 4322 Schol.
1132 4267 1204 4322 Plan
1231 4270 1369 4341 γεργίτιυν
1392 4272 1493 4325 Anecd.
1518 4274 1578 4326 Par.

272 4350 488 4420 Gergithium
499 4351 601 4420 ἡσθείς
610 4352 735 4407 Lactant.
751 4355 755 4419 Ι
770 4351 807 4406 50
820 4352 969 4421 Ίιβουρτία
979 4352 1067 4405 Schol.
1078 4351 1149 4405 Plat.
1167 4354 1312 4422 τιγουρτία
1323 4356 1350 4408 Φ
1361 4355 1434 4410 Suid.
1448 4355 1578 4428 τιγούρτη

271 4435 374 4489 Λαεοό.
387 4436 449 4489 Par.
467 4465 500 4474 -
518 4429 665 4507 Ἄβοαναία
679 4438 705 4490 Φ
723 4436 791 4491 7111).
803 4436 900 4488 Theos.
913 4435 986 4490 Suid.
999 4437 1101 4490 Aneed.
1115 4437 1175 4490 Par.
1205 4433 1369 4508 Ἀλβουναία
1387 4435 1476 4493 Scho'l.
1490 4441 1559 4495 plat.

274 4518 312 4574 58
331 4521 509 4590 φιλιππείους
525 4521 604 4574 Alex.
624 4522 806 4590 φιλιππαίους
824 4521 851 4574 Φ
871 4521 874 4586 ί
894 4521 933 4575 54
953 4517 1005 4575 οὐκ
1021 4521 1088 4575 rl'1'ib.
1106 4522 1202 4577 Theos.
1222 4517 1285 4578 οὔτε
1305 4525 1331 4578 Φ
1352 4524 1482 4590 154-55
1500 4523 1535 4580 τὰ
1554 4523 1584 4580 έν

271 4600 368 4668 αότοῖς
385 4605 574 4674 περιεχόμενα
594 4615 626 4663 <
638 4607 663 4658 Α
681 4603 915 4674 (περισχόμεναθ
933 4607 1006 4658 verb.
1025 4625 1048 4659 v.
1068 4607 1095 4660 C.
1109 4607 1257 4674 Schultess)
1274 4609 1278 4674 Ι
1295 4608 1333 4663 56
1352 4609 1484 4682 προσόδῳ
1502 4610 1581 4665 Alex.

272 4687 386 4760 προόδῳ
406 4691 432 4742 Φ
453 4691 458 4757 l
478 4691 516 4744 62
538 4683 584 4743 ι”σα
603 4690 620 4742 S
636 4691 640 4758 Ι
663 4689 698 4744 71
719 4685 900 4760 τρανὼτερον
919 4691 954 4744 Φ.
972 4721 1005 4729 -
1023 4689 1206 4761 ἀνεφώνησεν
1224 4693 1241 4746 S
1257 4695 1261 4760 Ι
1280 4693 1316 4748 72
1336 4689 1406 4748 ἀλλὰ
1420 4735 1426 4746 .
1441 4735 1465 4746 ..
1486 4695 1524 4750 74
1538 4735 1543 4748 .
1557 4724 1583 4748 .-

1337 4780 1346 4828 l
1356 4777 1369 4804 *
