<?xml version="1.0" encoding="UTF-8"?>
<!DOCTYPE html PUBLIC "-//W3C//DTD XHTML 1.0 Transitional//EN"
    "http://www.w3.org/TR/xhtml1/DTD/xhtml1-transitional.dtd">
<html xmlns="http://www.w3.org/1999/xhtml" xml:lang="en" lang="en">
 <head>
  <title>
</title>
<meta http-equiv="Content-Type" content="text/html;charset=utf-8" />
  <meta name='ocr-system' content='tesseract 3.04.00' />
  <meta name='ocr-capabilities' content='ocr_page ocr_carea ocr_par ocr_line ocrx_word'/>
</head>
<body>
  <div class='ocr_page' id='page_1' title='image "./diegriechischen02unkngoog/diegriechischen02unkngoog_0220.png"; bbox 0 0 3774 5596; ppageno 0'>
   <div class='ocr_carea' id='block_1_1' title="bbox 779 529 1012 592">
    <p class='ocr_par' dir='ltr' id='par_1_1' title="bbox 779 529 1012 592">
     <span class='ocr_line' id='line_1_1' title="bbox 779 529 1012 592; baseline 0.004 -10"><span class='ocrx_word' id='word_1_1' title='bbox 779 529 852 592; x_wconf 87' lang='lat' dir='ltr'><strong>Vlll,</strong></span> <span class='ocrx_word' id='word_1_2' title='bbox 869 529 1012 586; x_wconf 83' lang='lat'>219-230.</span> 
     </span>
    </p>
   </div>
   <div class='ocr_carea' id='block_1_2' title="bbox 364 687 1303 882">
    <p class='ocr_par' dir='ltr' id='par_1_2' title="bbox 364 687 1303 882">
     <span class='ocr_line' id='line_1_2' title="bbox 372 687 1223 782; baseline -0.005 -18"><span class='ocrx_word' id='word_1_3' title='bbox 372 701 524 780; x_wconf 76' lang='lat' dir='ltr'><strong>chotov</strong></span> <span class='ocrx_word' id='word_1_4' title='bbox 545 692 629 782; x_wconf 81' lang='grc' dir='ltr'><strong><em>μετὰ</em></strong></span> <span class='ocrx_word' id='word_1_5' title='bbox 651 699 725 764; x_wconf 79' lang='grc' dir='ltr'><strong><em>τῶν</em></strong></span> <span class='ocrx_word' id='word_1_6' title='bbox 747 687 854 780; x_wconf 84' lang='grc' dir='ltr'><strong><em>οίγίαν</em></strong></span> <span class='ocrx_word' id='word_1_7' title='bbox 875 695 930 763; x_wconf 80' lang='grc' dir='ltr'><strong>ἐπὶ</strong></span> <span class='ocrx_word' id='word_1_8' title='bbox 952 699 1056 782; x_wconf 98' lang='grc' dir='ltr'><strong><em>τέρμα</em></strong></span> <span class='ocrx_word' id='word_1_9' title='bbox 1076 689 1223 780; x_wconf 87' lang='grc' dir='ltr'><strong><em>χρόνοιο.</em></strong></span> 
     </span>
     <span class='ocr_line' id='line_1_3' title="bbox 364 786 1303 882; baseline -0.004 -18"><span class='ocrx_word' id='word_1_10' title='bbox 364 789 606 881; x_wconf 84' lang='grc' dir='ltr'><strong><em>Σαριιοφόραν</em></strong></span> <span class='ocrx_word' id='word_1_11' title='bbox 627 791 657 861; x_wconf 77' lang='grc' dir='ltr'><strong>δ’</strong></span> <span class='ocrx_word' id='word_1_12' title='bbox 679 786 816 882; x_wconf 72' lang='grc' dir='ltr'><strong><em>ἀνδρῶν</em></strong></span> <span class='ocrx_word' id='word_1_13' title='bbox 837 790 944 880; x_wconf 83' lang='grc' dir='ltr'><strong><em>ψυχὰς</em></strong></span> <span class='ocrx_word' id='word_1_14' title='bbox 967 796 1021 863; x_wconf 77' lang='grc' dir='ltr'><strong>ἐπὶ</strong></span> <span class='ocrx_word' id='word_1_15' title='bbox 1043 789 1166 880; x_wconf 81' lang='grc' dir='ltr'><strong><em>βήματι</em></strong></span> <span class='ocrx_word' id='word_1_16' title='bbox 1187 798 1303 879; x_wconf 77' lang='grc' dir='ltr'><strong><em>κρίνει,</em></strong></span> 
     </span>
    </p>
   </div>
   <div class='ocr_carea' id='block_1_3' title="bbox 240 883 1358 1679">
    <p class='ocr_par' dir='ltr' id='par_1_3' title="bbox 240 883 1358 1679">
     <span class='ocr_line' id='line_1_4' title="bbox 363 883 1358 982; baseline -0.001 -21"><span class='ocrx_word' id='word_1_17' title='bbox 363 897 493 982; x_wconf 85' lang='grc' dir='ltr'><strong><em>Χέρσος</em></strong></span> <span class='ocrx_word' id='word_1_18' title='bbox 515 885 601 964; x_wconf 79' lang='grc' dir='ltr'><strong><em>ὅταν</em></strong></span> <span class='ocrx_word' id='word_1_19' title='bbox 623 897 709 962; x_wconf 78' lang='grc' dir='ltr'><strong><em>ποτὲ</em></strong></span> <span class='ocrx_word' id='word_1_20' title='bbox 730 886 855 980; x_wconf 83' lang='grc' dir='ltr'><strong><em>κόσμος</em></strong></span> <span class='ocrx_word' id='word_1_21' title='bbox 877 883 957 974; x_wconf 80' lang='grc' dir='ltr'><strong><em>ὅλος</em></strong></span> <span class='ocrx_word' id='word_1_22' title='bbox 978 897 1033 962; x_wconf 84' lang='grc' dir='ltr'><strong>καὶ</strong></span> <span class='ocrx_word' id='word_1_23' title='bbox 1056 890 1191 962; x_wconf 75' lang='grc' dir='ltr'><strong><em>ἄκανθα</em></strong></span> <span class='ocrx_word' id='word_1_24' title='bbox 1213 897 1358 978; x_wconf 83' lang='grc' dir='ltr'><strong><em>γένρται.</em></strong></span> 
     </span>
     <span class='ocr_line' id='line_1_5' title="bbox 362 983 1288 1078; baseline -0.004 -16"><span class='ocrx_word' id='word_1_25' title='bbox 362 988 530 1076; x_wconf 79' lang='grc' dir='ltr'><strong><em>Ῥίψουσιν</em></strong></span> <span class='ocrx_word' id='word_1_26' title='bbox 552 988 581 1062; x_wconf 86' lang='lat' dir='ltr'><strong>d&#39;</strong></span> <span class='ocrx_word' id='word_1_27' title='bbox 603 996 728 1062; x_wconf 72' lang='lat' dir='ltr'><strong>oldarici</strong></span> <span class='ocrx_word' id='word_1_28' title='bbox 749 996 867 1078; x_wconf 85' lang='grc' dir='ltr'><strong><em>βροτοί</em></strong></span> <span class='ocrx_word' id='word_1_29' title='bbox 888 998 944 1062; x_wconf 84' lang='grc' dir='ltr'><strong>καί</strong></span> <span class='ocrx_word' id='word_1_30' title='bbox 966 996 1121 1061; x_wconf 88' lang='grc' dir='ltr'><strong><em>πλοῦτον</em></strong></span> <span class='ocrx_word' id='word_1_31' title='bbox 1143 983 1288 1060; x_wconf 72' lang='grc' dir='ltr'><strong><em>ἅπαντα.</em></strong></span> 
     </span>
     <span class='ocr_line' id='line_1_6' title="bbox 241 1085 1272 1180; baseline -0.005 -17"><span class='ocrx_word' id='word_1_32' title='bbox 241 1123 280 1164; x_wconf 81' lang='grc' dir='ltr'><strong>εει</strong></span> <span class='ocrx_word' id='word_1_33' title='bbox 363 1087 529 1162; x_wconf 78' lang='grc' dir='ltr'><strong><em>Ἑκκαιίσει</em></strong></span> <span class='ocrx_word' id='word_1_34' title='bbox 552 1089 651 1162; x_wconf 81' lang='grc' dir='ltr'><strong><em>δὲτὸ</em></strong></span> <span class='ocrx_word' id='word_1_35' title='bbox 673 1095 741 1177; x_wconf 82' lang='grc' dir='ltr'><strong><em>πῦρ</em></strong></span> <span class='ocrx_word' id='word_1_36' title='bbox 764 1095 828 1178; x_wconf 83' lang='grc' dir='ltr'><strong>γῆν</strong></span> <span class='ocrx_word' id='word_1_37' title='bbox 848 1085 995 1178; x_wconf 71' lang='grc' dir='ltr'><strong><em>οὐρανὸν</em></strong></span> <span class='ocrx_word' id='word_1_38' title='bbox 1015 1086 1073 1180; x_wconf 82' lang='grc' dir='ltr'><strong>ἠδὲ</strong></span> <span class='ocrx_word' id='word_1_39' title='bbox 1095 1086 1272 1162; x_wconf 75' lang='grc' dir='ltr'><strong><em>θάλασσαν</em></strong></span> 
     </span>
     <span class='ocr_line' id='line_1_7' title="bbox 364 1185 1114 1281; baseline -0.005 -19"><span class='ocrx_word' id='word_1_40' title='bbox 364 1188 514 1279; x_wconf 66' lang='grc' dir='ltr'><strong><em>’Ῑχνεῦοα</em></strong></span> <span class='ocrx_word' id='word_1_41' title='bbox 538 1189 630 1281; x_wconf 75' lang='grc' dir='ltr'><strong><em>ῥήξει</em></strong></span> <span class='ocrx_word' id='word_1_42' title='bbox 653 1217 691 1261; x_wconf 90' lang='grc' dir='ltr'><strong>τε</strong></span> <span class='ocrx_word' id='word_1_43' title='bbox 712 1188 821 1272; x_wconf 82' lang='grc' dir='ltr'><strong><em>πύλας</em></strong></span> <span class='ocrx_word' id='word_1_44' title='bbox 843 1193 976 1278; x_wconf 77' lang='grc' dir='ltr'><strong><em>εἱρκτῆς</em></strong></span> <span class='ocrx_word' id='word_1_45' title='bbox 996 1185 1114 1260; x_wconf 82' lang='grc' dir='ltr'><strong><em>Ἀίδαο</em></strong></span> 
     </span>
     <span class='ocr_line' id='line_1_8' title="bbox 361 1283 1305 1380; baseline -0.004 -19"><span class='ocrx_word' id='word_1_46' title='bbox 361 1290 456 1380; x_wconf 79' lang='grc' dir='ltr'><strong><em>Σάρξ</em></strong></span> <span class='ocrx_word' id='word_1_47' title='bbox 479 1286 561 1362; x_wconf 88' lang='grc' dir='ltr'><strong><em>τότε</em></strong></span> <span class='ocrx_word' id='word_1_48' title='bbox 584 1296 674 1362; x_wconf 78' lang='grc' dir='ltr'><strong><em>πᾶσα</em></strong></span> <span class='ocrx_word' id='word_1_49' title='bbox 698 1295 829 1380; x_wconf 79' lang='grc' dir='ltr'><strong><em>νεκρῶν</em></strong></span> <span class='ocrx_word' id='word_1_50' title='bbox 852 1293 884 1372; x_wconf 79' lang='grc' dir='ltr'><strong>ές</strong></span> <span class='ocrx_word' id='word_1_51' title='bbox 906 1293 1104 1378; x_wconf 75' lang='grc' dir='ltr'><strong><em>ἐλευθέριον</em></strong></span> <span class='ocrx_word' id='word_1_52' title='bbox 1125 1286 1214 1375; x_wconf 84' lang='grc' dir='ltr'><em>φάος</em></span> <span class='ocrx_word' id='word_1_53' title='bbox 1235 1283 1305 1377; x_wconf 78' lang='grc' dir='ltr'><strong><em>ἥξει</em></strong></span> 
     </span>
     <span class='ocr_line' id='line_1_9' title="bbox 369 1385 1260 1478; baseline 0 -18"><span class='ocrx_word' id='word_1_54' title='bbox 369 1397 443 1462; x_wconf 80' lang='grc' dir='ltr'><strong>Τῶν</strong></span> <span class='ocrx_word' id='word_1_55' title='bbox 466 1386 587 1478; x_wconf 76' lang='grc' dir='ltr'><strong>οίγίοιν1</strong></span> <span class='ocrx_word' id='word_1_56' title='bbox 611 1385 757 1478; x_wconf 77' lang='grc' dir='ltr'>ἀνόμους</span> <span class='ocrx_word' id='word_1_57' title='bbox 776 1393 811 1459; x_wconf 78' lang='grc' dir='ltr'><strong>δὲ</strong></span> <span class='ocrx_word' id='word_1_58' title='bbox 833 1387 874 1460; x_wconf 86' lang='grc' dir='ltr'><strong><em>τὸ</em></strong></span> <span class='ocrx_word' id='word_1_59' title='bbox 897 1395 965 1475; x_wconf 85' lang='grc' dir='ltr'><strong><em>πῦρ</em></strong></span> <span class='ocrx_word' id='word_1_60' title='bbox 987 1393 1107 1460; x_wconf 81' lang='grc' dir='ltr'><strong><em>αἰῶσιν</em></strong></span> <span class='ocrx_word' id='word_1_61' title='bbox 1129 1391 1260 1478; x_wconf 77' lang='grc' dir='ltr'><strong><em>ἐλέγξει.</em></strong></span> 
     </span>
     <span class='ocr_line' id='line_1_10' title="bbox 365 1483 1310 1580; baseline 0 -20"><span class='ocrx_word' id='word_1_62' title='bbox 365 1485 516 1562; x_wconf 78' lang='grc' dir='ltr'><strong><em>Ὀππόσα</em></strong></span> <span class='ocrx_word' id='word_1_63' title='bbox 539 1519 591 1574; x_wconf 86' lang='grc' dir='ltr'><strong>τις</strong></span> <span class='ocrx_word' id='word_1_64' title='bbox 612 1487 743 1579; x_wconf 77' lang='grc' dir='ltr'><strong><em>πράξας</em></strong></span> <span class='ocrx_word' id='word_1_65' title='bbox 765 1490 898 1572; x_wconf 75' lang='grc' dir='ltr'><strong><em>ἔλαθεν,</em></strong></span> <span class='ocrx_word' id='word_1_66' title='bbox 921 1483 1003 1558; x_wconf 84' lang='grc' dir='ltr'><strong><em>τότε</em></strong></span> <span class='ocrx_word' id='word_1_67' title='bbox 1024 1484 1139 1560; x_wconf 79' lang='grc' dir='ltr'><strong><em>πάντα</em></strong></span> <span class='ocrx_word' id='word_1_68' title='bbox 1161 1487 1310 1580; x_wconf 77' lang='grc' dir='ltr'><strong><em>λαλήσει·</em></strong></span> 
     </span>
     <span class='ocr_line' id='line_1_11' title="bbox 240 1583 1263 1679; baseline 0 -21"><span class='ocrx_word' id='word_1_69' title='bbox 240 1619 279 1658; x_wconf 79' lang='lat' dir='ltr'><strong>seo</strong></span> <span class='ocrx_word' id='word_1_70' title='bbox 363 1588 506 1678; x_wconf 82' lang='grc' dir='ltr'><strong><em>Στήθεα</em></strong></span> <span class='ocrx_word' id='word_1_71' title='bbox 527 1590 590 1679; x_wconf 88' lang='grc' dir='ltr'><strong><em>γὰρ</em></strong></span> <span class='ocrx_word' id='word_1_72' title='bbox 613 1585 783 1678; x_wconf 78' lang='grc' dir='ltr'><strong><em>ςσφόεντα</em></strong></span> <span class='ocrx_word' id='word_1_73' title='bbox 806 1587 887 1671; x_wconf 75' lang='grc' dir='ltr'><strong><em>θεὸς</em></strong></span> <span class='ocrx_word' id='word_1_74' title='bbox 910 1594 1108 1677; x_wconf 81' lang='grc' dir='ltr'><strong><em>ψαστῆρσιν</em></strong></span> <span class='ocrx_word' id='word_1_75' title='bbox 1129 1583 1263 1674; x_wconf 77' lang='grc' dir='ltr'><strong><em>ἀνοίξει.</em></strong></span> 
     </span>
    </p>
   </div>
   <div class='ocr_carea' id='block_1_4' title="bbox 240 1739 1554 3082">
    <p class='ocr_par' dir='ltr' id='par_1_4' title="bbox 240 1739 1554 3082">
     <span class='ocr_line' id='line_1_12' title="bbox 324 1739 1551 1814; baseline 0.001 -18"><span class='ocrx_word' id='word_1_76' title='bbox 324 1743 356 1796; x_wconf 91' lang='lat' dir='ltr'><strong>ln</strong></span> <span class='ocrx_word' id='word_1_77' title='bbox 373 1743 417 1798; x_wconf 87' lang='lat' dir='ltr'><strong>ln&#39;s</strong></span> <span class='ocrx_word' id='word_1_78' title='bbox 428 1743 534 1798; x_wconf 82' lang='lat' dir='ltr'><strong>Letinis</strong></span> <span class='ocrx_word' id='word_1_79' title='bbox 550 1745 672 1799; x_wconf 86' lang='lat' dir='ltr'><strong>versibus</strong></span> <span class='ocrx_word' id='word_1_80' title='bbox 690 1744 725 1800; x_wconf 89' lang='lat' dir='ltr'><strong>de</strong></span> <span class='ocrx_word' id='word_1_81' title='bbox 737 1744 843 1798; x_wconf 85' lang='lat' dir='ltr'><strong>Greeco</strong></span> <span class='ocrx_word' id='word_1_82' title='bbox 858 1745 1007 1811; x_wconf 90' lang='lat' dir='ltr'><strong>utcumque</strong></span> <span class='ocrx_word' id='word_1_83' title='bbox 1021 1740 1162 1796; x_wconf 72' lang='lat' dir='ltr'><strong>translatis</strong></span> <span class='ocrx_word' id='word_1_84' title='bbox 1174 1739 1213 1796; x_wconf 93' lang='lat' dir='ltr'><strong>ibi</strong></span> <span class='ocrx_word' id='word_1_85' title='bbox 1226 1761 1281 1798; x_wconf 94' lang='lat' dir='ltr'><strong>non</strong></span> <span class='ocrx_word' id='word_1_86' title='bbox 1293 1743 1385 1814; x_wconf 84' lang='lat' dir='ltr'><strong>potuit</strong></span> <span class='ocrx_word' id='word_1_87' title='bbox 1396 1745 1445 1798; x_wconf 93' lang='lat' dir='ltr'><strong>ille</strong></span> <span class='ocrx_word' id='word_1_88' title='bbox 1457 1761 1551 1800; x_wconf 89' lang='lat' dir='ltr'><strong>sensus</strong></span> 
     </span>
     <span class='ocr_line' id='line_1_13' title="bbox 242 1825 1554 1897; baseline 0.001 -16"><span class='ocrx_word' id='word_1_89' title='bbox 242 1843 395 1893; x_wconf 86' lang='lat' dir='ltr'><strong>occurrere,</strong></span> <span class='ocrx_word' id='word_1_90' title='bbox 414 1827 461 1896; x_wconf 87' lang='lat' dir='ltr'><strong>qui</strong></span> <span class='ocrx_word' id='word_1_91' title='bbox 479 1829 522 1896; x_wconf 87' lang='lat' dir='ltr'><strong>fit,</strong></span> <span class='ocrx_word' id='word_1_92' title='bbox 541 1845 603 1882; x_wconf 88' lang='lat' dir='ltr'><strong>oum</strong></span> <span class='ocrx_word' id='word_1_93' title='bbox 620 1829 743 1894; x_wconf 73' lang='lat' dir='ltr'>litterae,</span> <span class='ocrx_word' id='word_1_94' title='bbox 764 1845 834 1897; x_wconf 81' lang='lat' dir='ltr'><strong>quae</strong></span> <span class='ocrx_word' id='word_1_95' title='bbox 852 1826 962 1882; x_wconf 82' lang='lat' dir='ltr'><strong>suntin</strong></span> <span class='ocrx_word' id='word_1_96' title='bbox 979 1843 1073 1881; x_wconf 90' lang='lat' dir='ltr'><strong>eorum</strong></span> <span class='ocrx_word' id='word_1_97' title='bbox 1091 1825 1235 1896; x_wconf 76' lang='lat' dir='ltr'><strong>capitibus,</strong></span> <span class='ocrx_word' id='word_1_98' title='bbox 1254 1829 1443 1896; x_wconf 78' lang='lat' dir='ltr'><strong>conectuntur,</strong></span> <span class='ocrx_word' id='word_1_99' title='bbox 1460 1827 1508 1884; x_wconf 92' lang='lat' dir='ltr'><strong>ubi</strong></span> <span class='ocrx_word' id='word_1_100' title='bbox 1530 1831 1554 1882; x_wconf 85' lang='lat' dir='ltr'><em>Y</em></span> 
     </span>
     <span class='ocr_line' id='line_1_14' title="bbox 240 1909 1551 1984; baseline 0.002 -19"><span class='ocrx_word' id='word_1_101' title='bbox 240 1913 335 1968; x_wconf 77' lang='lat' dir='ltr'><strong>littere</strong></span> <span class='ocrx_word' id='word_1_102' title='bbox 355 1912 385 1966; x_wconf 88' lang='lat' dir='ltr'><strong>in</strong></span> <span class='ocrx_word' id='word_1_103' title='bbox 403 1911 509 1967; x_wconf 78' lang='lat' dir='ltr'><strong>Graece</strong></span> <span class='ocrx_word' id='word_1_104' title='bbox 531 1913 624 1984; x_wconf 84' lang='lat' dir='ltr'><strong>posite</strong></span> <span class='ocrx_word' id='word_1_105' title='bbox 644 1916 698 1978; x_wconf 87' lang='lat' dir='ltr'><strong>eet,</strong></span> <span class='ocrx_word' id='word_1_106' title='bbox 722 1912 787 1982; x_wconf 79' lang='lat' dir='ltr'><strong>quic</strong></span> <span class='ocrx_word' id='word_1_107' title='bbox 807 1929 864 1966; x_wconf 91' lang='lat' dir='ltr'><strong>non</strong></span> <span class='ocrx_word' id='word_1_108' title='bbox 885 1913 1034 1983; x_wconf 83' lang='lat' dir='ltr'><strong>potuerunt</strong></span> <span class='ocrx_word' id='word_1_109' title='bbox 1052 1909 1151 1964; x_wconf 79' lang='lat' dir='ltr'><strong>Latine</strong></span> <span class='ocrx_word' id='word_1_110' title='bbox 1173 1910 1257 1965; x_wconf 80' lang='lat' dir='ltr'><strong>verbe</strong></span> <span class='ocrx_word' id='word_1_111' title='bbox 1274 1913 1404 1980; x_wconf 86' lang='lat' dir='ltr'><strong>inveniri,</strong></span> <span class='ocrx_word' id='word_1_112' title='bbox 1428 1931 1498 1984; x_wconf 85' lang='lat' dir='ltr'><strong>queo</strong></span> <span class='ocrx_word' id='word_1_113' title='bbox 1516 1913 1551 1968; x_wconf 83' lang='lat' dir='ltr'><strong>ab</strong></span> 
     </span>
     <span class='ocr_line' id='line_1_15' title="bbox 242 1995 1551 2067; baseline 0.001 -15"><span class='ocrx_word' id='word_1_114' title='bbox 242 1997 336 2052; x_wconf 83' lang='lat' dir='ltr'><strong>eedem</strong></span> <span class='ocrx_word' id='word_1_115' title='bbox 364 1996 459 2052; x_wconf 86' lang='lat' dir='ltr'><strong>littere</strong></span> <span class='ocrx_word' id='word_1_116' title='bbox 484 1995 636 2067; x_wconf 87' lang='lat' dir='ltr'><strong>inciperent</strong></span> <span class='ocrx_word' id='word_1_117' title='bbox 661 2001 688 2052; x_wconf 89' lang='lat' dir='ltr'><strong>et</strong></span> <span class='ocrx_word' id='word_1_118' title='bbox 715 1996 867 2052; x_wconf 82' lang='lat' dir='ltr'><strong>sententiae</strong></span> <span class='ocrx_word' id='word_1_119' title='bbox 889 1996 1074 2052; x_wconf 86' lang='lat' dir='ltr'><strong>convenirent.</strong></span> <span class='ocrx_word' id='word_1_120' title='bbox 1114 1995 1150 2050; x_wconf 87' lang='lat' dir='ltr'><strong>Hi</strong></span> <span class='ocrx_word' id='word_1_121' title='bbox 1173 1999 1265 2052; x_wconf 78' lang='lat' dir='ltr'><strong>autem</strong></span> <span class='ocrx_word' id='word_1_122' title='bbox 1288 2000 1352 2052; x_wconf 89' lang='lat' dir='ltr'><strong>eunt</strong></span> <span class='ocrx_word' id='word_1_123' title='bbox 1373 2015 1466 2053; x_wconf 88' lang='lat' dir='ltr'><strong>versus</strong></span> <span class='ocrx_word' id='word_1_124' title='bbox 1488 2002 1551 2064; x_wconf 86' lang='lat' dir='ltr'><strong>tres,</strong></span> 
     </span>
     <span class='ocr_line' id='line_1_16' title="bbox 243 2079 1551 2153; baseline 0 -16"><span class='ocrx_word' id='word_1_125' title='bbox 243 2083 354 2152; x_wconf 82' lang='lat' dir='ltr'><strong>quintus</strong></span> <span class='ocrx_word' id='word_1_126' title='bbox 377 2084 405 2136; x_wconf 90' lang='lat' dir='ltr'><strong>et</strong></span> <span class='ocrx_word' id='word_1_127' title='bbox 428 2083 541 2136; x_wconf 72' lang='lat' dir='ltr'><strong>octavus</strong></span> <span class='ocrx_word' id='word_1_128' title='bbox 564 2081 685 2146; x_wconf 86' lang='lat' dir='ltr'><strong>decimus</strong></span> <span class='ocrx_word' id='word_1_129' title='bbox 708 2084 736 2135; x_wconf 87' lang='lat' dir='ltr'><strong>et</strong></span> <span class='ocrx_word' id='word_1_130' title='bbox 757 2099 845 2137; x_wconf 86' lang='lat' dir='ltr'><strong>nouus</strong></span> <span class='ocrx_word' id='word_1_131' title='bbox 868 2081 996 2136; x_wconf 86' lang='lat' dir='ltr'><strong>decimus.</strong></span> <span class='ocrx_word' id='word_1_132' title='bbox 1031 2079 1155 2148; x_wconf 88' lang='lat' dir='ltr'><strong>Denique</strong></span> <span class='ocrx_word' id='word_1_133' title='bbox 1178 2081 1199 2133; x_wconf 86' lang='lat' dir='ltr'><strong>ri</strong></span> <span class='ocrx_word' id='word_1_134' title='bbox 1223 2081 1330 2136; x_wconf 79' lang='lat' dir='ltr'><strong>litteras</strong></span> <span class='ocrx_word' id='word_1_135' title='bbox 1354 2099 1425 2153; x_wconf 82' lang='lat' dir='ltr'><strong>qnae</strong></span> <span class='ocrx_word' id='word_1_136' title='bbox 1442 2087 1506 2138; x_wconf 89' lang='lat' dir='ltr'><strong>sunt</strong></span> <span class='ocrx_word' id='word_1_137' title='bbox 1523 2083 1551 2137; x_wconf 93' lang='lat' dir='ltr'><strong>iu</strong></span> 
     </span>
     <span class='ocr_line' id='line_1_17' title="bbox 245 2164 1552 2238; baseline 0.002 -18"><span class='ocrx_word' id='word_1_138' title='bbox 245 2166 380 2234; x_wconf 79' lang='lat' dir='ltr'><strong>capitibus</strong></span> <span class='ocrx_word' id='word_1_139' title='bbox 397 2164 520 2220; x_wconf 89' lang='lat' dir='ltr'><strong>omnium</strong></span> <span class='ocrx_word' id='word_1_140' title='bbox 538 2183 665 2220; x_wconf 85' lang='lat' dir='ltr'><strong>versuum</strong></span> <span class='ocrx_word' id='word_1_141' title='bbox 677 2169 851 2221; x_wconf 86' lang='lat' dir='ltr'><strong>conectentes</strong></span> <span class='ocrx_word' id='word_1_142' title='bbox 863 2167 960 2220; x_wconf 85' lang='lat' dir='ltr'><strong>horum</strong></span> <span class='ocrx_word' id='word_1_143' title='bbox 972 2164 1055 2218; x_wconf 89' lang='lat' dir='ltr'><strong>trium</strong></span> <span class='ocrx_word' id='word_1_144' title='bbox 1068 2181 1138 2232; x_wconf 83' lang='lat' dir='ltr'><strong>ques</strong></span> <span class='ocrx_word' id='word_1_145' title='bbox 1150 2165 1266 2236; x_wconf 76' lang='lat' dir='ltr'><strong>scriptus</strong></span> <span class='ocrx_word' id='word_1_146' title='bbox 1278 2169 1342 2219; x_wconf 91' lang='lat' dir='ltr'><strong>eunt</strong></span> <span class='ocrx_word' id='word_1_147' title='bbox 1352 2185 1409 2222; x_wconf 93' lang='grc' dir='ltr'><strong>αοα</strong></span> <span class='ocrx_word' id='word_1_148' title='bbox 1420 2169 1552 2238; x_wconf 76' lang='lat' dir='ltr'><strong>legemus,</strong></span> 
     </span>
     <span class='ocr_line' id='line_1_18' title="bbox 244 2248 1551 2320; baseline 0.002 -17"><span class='ocrx_word' id='word_1_149' title='bbox 244 2249 291 2304; x_wconf 87' lang='lat' dir='ltr'><strong>sed</strong></span> <span class='ocrx_word' id='word_1_150' title='bbox 308 2267 357 2320; x_wconf 89' lang='lat' dir='ltr'><strong>pro</strong></span> <span class='ocrx_word' id='word_1_151' title='bbox 376 2249 414 2305; x_wconf 88' lang='lat' dir='ltr'><strong>eis</strong></span> <span class='ocrx_word' id='word_1_152' title='bbox 436 2253 460 2304; x_wconf 85' lang='lat' dir='ltr'><strong><em>Y</em></strong></span> <span class='ocrx_word' id='word_1_153' title='bbox 474 2250 611 2316; x_wconf 82' lang='lat' dir='ltr'><strong>litteram,</strong></span> <span class='ocrx_word' id='word_1_154' title='bbox 633 2253 775 2319; x_wconf 74' lang='lat' dir='ltr'><strong>tamquam</strong></span> <span class='ocrx_word' id='word_1_155' title='bbox 792 2250 822 2304; x_wconf 91' lang='lat' dir='ltr'><strong>in</strong></span> <span class='ocrx_word' id='word_1_156' title='bbox 839 2249 942 2305; x_wconf 88' lang='lat' dir='ltr'><strong>eisdem</strong></span> <span class='ocrx_word' id='word_1_157' title='bbox 960 2249 1028 2304; x_wconf 86' lang='lat' dir='ltr'><strong>locis</strong></span> <span class='ocrx_word' id='word_1_158' title='bbox 1045 2248 1105 2319; x_wconf 80' lang='lat' dir='ltr'><strong>ipsa</strong></span> <span class='ocrx_word' id='word_1_159' title='bbox 1122 2248 1158 2303; x_wconf 88' lang='lat' dir='ltr'><strong>eit</strong></span> <span class='ocrx_word' id='word_1_160' title='bbox 1173 2249 1276 2319; x_wconf 80' lang='lat' dir='ltr'><strong>posite,</strong></span> <span class='ocrx_word' id='word_1_161' title='bbox 1299 2250 1483 2318; x_wconf 75' lang='lat' dir='ltr'><strong>recordemur,</strong></span> <span class='ocrx_word' id='word_1_162' title='bbox 1507 2269 1551 2306; x_wconf 87' lang='lat' dir='ltr'><strong>ex·</strong></span> 
     </span>
     <span class='ocr_line' id='line_1_19' title="bbox 243 2333 1553 2404; baseline 0.001 -16"><span class='ocrx_word' id='word_1_163' title='bbox 243 2335 369 2404; x_wconf 86' lang='lat' dir='ltr'><strong>primitur</strong></span> <span class='ocrx_word' id='word_1_164' title='bbox 385 2335 415 2390; x_wconf 89' lang='lat' dir='ltr'><strong>in</strong></span> <span class='ocrx_word' id='word_1_165' title='bbox 433 2333 554 2404; x_wconf 85' lang='lat' dir='ltr'><strong>quinque</strong></span> <span class='ocrx_word' id='word_1_166' title='bbox 573 2333 674 2390; x_wconf 85' lang='lat' dir='ltr'><strong>verbis:</strong></span> <span class='ocrx_word' id='word_1_167' title='bbox 692 2335 767 2388; x_wconf 82' lang='lat' dir='ltr'><strong>Iesus</strong></span> <span class='ocrx_word' id='word_1_168' title='bbox 784 2333 908 2388; x_wconf 84' lang='lat' dir='ltr'><strong>Christus</strong></span> <span class='ocrx_word' id='word_1_169' title='bbox 924 2334 975 2388; x_wconf 85' lang='lat' dir='ltr'><strong>Dei</strong></span> <span class='ocrx_word' id='word_1_170' title='bbox 992 2333 1064 2387; x_wconf 88' lang='lat' dir='ltr'><strong>filins</strong></span> <span class='ocrx_word' id='word_1_171' title='bbox 1083 2333 1216 2398; x_wconf 76' lang='lat' dir='ltr'><strong>salvetor3</strong></span> <span class='ocrx_word' id='word_1_172' title='bbox 1234 2333 1283 2387; x_wconf 86' lang='lat' dir='ltr'><strong>sed</strong></span> <span class='ocrx_word' id='word_1_173' title='bbox 1301 2351 1362 2388; x_wconf 89' lang='lat' dir='ltr'><strong>cum</strong></span> <span class='ocrx_word' id='word_1_174' title='bbox 1381 2335 1484 2390; x_wconf 76' lang='lat' dir='ltr'><strong>Graece</strong></span> <span class='ocrx_word' id='word_1_175' title='bbox 1501 2337 1553 2392; x_wconf 90' lang='lat' dir='ltr'><strong>hoc</strong></span> 
     </span>
     <span class='ocr_line' id='line_1_20' title="bbox 244 2417 1553 2489; baseline 0.001 -16"><span class='ocrx_word' id='word_1_176' title='bbox 244 2419 356 2486; x_wconf 84' lang='lat' dir='ltr'><strong>dicitnr,</strong></span> <span class='ocrx_word' id='word_1_177' title='bbox 382 2437 438 2476; x_wconf 88' lang='lat' dir='ltr'><strong>non</strong></span> <span class='ocrx_word' id='word_1_178' title='bbox 455 2418 562 2474; x_wconf 77' lang='lat' dir='ltr'><strong>Latine.</strong></span> <span class='ocrx_word' id='word_1_179' title='bbox 596 2418 633 2472; x_wconf 84' lang='lat' dir='ltr'><strong>Et</strong></span> <span class='ocrx_word' id='word_1_180' title='bbox 654 2421 719 2473; x_wconf 85' lang='lat' dir='ltr'><strong>suut</strong></span> <span class='ocrx_word' id='word_1_181' title='bbox 740 2436 834 2474; x_wconf 82' lang='lat' dir='ltr'><strong>versus</strong></span> <span class='ocrx_word' id='word_1_182' title='bbox 856 2419 955 2489; x_wconf 74' lang='lat' dir='ltr'><strong>viginti</strong></span> <span class='ocrx_word' id='word_1_183' title='bbox 978 2423 1006 2474; x_wconf 84' lang='lat' dir='ltr'><strong>et</strong></span> <span class='ocrx_word' id='word_1_184' title='bbox 1028 2419 1144 2486; x_wconf 88' lang='lat' dir='ltr'><strong>septem,</strong></span> <span class='ocrx_word' id='word_1_185' title='bbox 1172 2417 1219 2487; x_wconf 91' lang='lat' dir='ltr'><strong>qui</strong></span> <span class='ocrx_word' id='word_1_186' title='bbox 1243 2435 1371 2472; x_wconf 84' lang='lat' dir='ltr'><strong>numerus</strong></span> <span class='ocrx_word' id='word_1_187' title='bbox 1389 2418 1553 2487; x_wconf 76' lang='lat' dir='ltr'><strong>quadratum</strong></span> 
     </span>
     <span class='ocr_line' id='line_1_21' title="bbox 243 2501 1554 2572; baseline 0 -16"><span class='ocrx_word' id='word_1_188' title='bbox 243 2503 391 2558; x_wconf 80' lang='lat' dir='ltr'><strong>ternarium</strong></span> <span class='ocrx_word' id='word_1_189' title='bbox 409 2502 528 2558; x_wconf 89' lang='lat' dir='ltr'><strong>solidum</strong></span> <span class='ocrx_word' id='word_1_190' title='bbox 545 2503 643 2558; x_wconf 84' lang='lat' dir='ltr'><strong>reddit</strong></span> <span class='ocrx_word' id='word_1_191' title='bbox 678 2503 742 2558; x_wconf 81' lang='lat' dir='ltr'><strong>Tris</strong></span> <span class='ocrx_word' id='word_1_192' title='bbox 759 2504 832 2558; x_wconf 89' lang='lat' dir='ltr'><strong>enim</strong></span> <span class='ocrx_word' id='word_1_193' title='bbox 851 2507 893 2558; x_wconf 90' lang='lat' dir='ltr'><strong>ter</strong></span> <span class='ocrx_word' id='word_1_194' title='bbox 911 2503 994 2557; x_wconf 80' lang='lat' dir='ltr'><strong>ducta</strong></span> <span class='ocrx_word' id='word_1_195' title='bbox 1011 2503 1081 2558; x_wconf 89' lang='lat' dir='ltr'><strong>liunt</strong></span> <span class='ocrx_word' id='word_1_196' title='bbox 1097 2518 1210 2569; x_wconf 85' lang='lat' dir='ltr'><strong>novem;</strong></span> <span class='ocrx_word' id='word_1_197' title='bbox 1229 2505 1257 2556; x_wconf 90' lang='lat' dir='ltr'><strong>et</strong></span> <span class='ocrx_word' id='word_1_198' title='bbox 1273 2501 1333 2572; x_wconf 85' lang='lat' dir='ltr'><strong>ipse</strong></span> <span class='ocrx_word' id='word_1_199' title='bbox 1349 2519 1448 2556; x_wconf 84' lang='lat' dir='ltr'><strong>novem</strong></span> <span class='ocrx_word' id='word_1_200' title='bbox 1473 2503 1554 2558; x_wconf 88' lang='lat' dir='ltr'><strong>sitor</strong></span> 
     </span>
     <span class='ocr_line' id='line_1_22' title="bbox 243 2585 1553 2658; baseline 0.001 -17"><span class='ocrx_word' id='word_1_201' title='bbox 243 2587 389 2656; x_wconf 84' lang='lat' dir='ltr'><strong>ducentur,</strong></span> <span class='ocrx_word' id='word_1_202' title='bbox 421 2590 453 2642; x_wconf 93' lang='lat' dir='ltr'><strong>ut</strong></span> <span class='ocrx_word' id='word_1_203' title='bbox 481 2603 515 2642; x_wconf 87' lang='lat' dir='ltr'><strong>ex</strong></span> <span class='ocrx_word' id='word_1_204' title='bbox 536 2585 594 2642; x_wconf 77' lang='lat' dir='ltr'><strong>luto</strong></span> <span class='ocrx_word' id='word_1_205' title='bbox 617 2587 647 2640; x_wconf 90' lang='lat' dir='ltr'><strong>in</strong></span> <span class='ocrx_word' id='word_1_206' title='bbox 669 2587 756 2642; x_wconf 77' lang='lat' dir='ltr'><strong>ultum</strong></span> <span class='ocrx_word' id='word_1_207' title='bbox 778 2588 867 2658; x_wconf 80' lang='lat' dir='ltr'><strong>figure</strong></span> <span class='ocrx_word' id='word_1_208' title='bbox 888 2589 1049 2657; x_wconf 81' lang='lat' dir='ltr'><strong>consurget.</strong></span> <span class='ocrx_word' id='word_1_209' title='bbox 1076 2586 1111 2640; x_wconf 80' lang='lat' dir='ltr'><strong>ed</strong></span> <span class='ocrx_word' id='word_1_210' title='bbox 1134 2586 1233 2656; x_wconf 80' lang='lat' dir='ltr'><strong>viginti</strong></span> <span class='ocrx_word' id='word_1_211' title='bbox 1256 2589 1360 2657; x_wconf 86' lang='lat' dir='ltr'><strong>septem</strong></span> <span class='ocrx_word' id='word_1_212' title='bbox 1383 2588 1553 2656; x_wconf 82' lang='lat' dir='ltr'><strong>perveniunt.</strong></span> 
     </span>
     <span class='ocr_line' id='line_1_23' title="bbox 243 2663 1554 2742; baseline 0.001 -17"><span class='ocrx_word' id='word_1_213' title='bbox 243 2671 348 2726; x_wconf 87' lang='lat' dir='ltr'><strong>Horum</strong></span> <span class='ocrx_word' id='word_1_214' title='bbox 366 2673 458 2728; x_wconf 84' lang='lat' dir='ltr'><strong>eutem</strong></span> <span class='ocrx_word' id='word_1_215' title='bbox 476 2672 643 2726; x_wconf 77' lang='lat' dir='ltr'><strong>Graecorum</strong></span> <span class='ocrx_word' id='word_1_216' title='bbox 660 2673 781 2742; x_wconf 86' lang='lat' dir='ltr'><strong>quinque</strong></span> <span class='ocrx_word' id='word_1_217' title='bbox 800 2674 954 2739; x_wconf 83' lang='lat' dir='ltr'><strong>verborum,</strong></span> <span class='ocrx_word' id='word_1_218' title='bbox 972 2688 1042 2740; x_wconf 76' lang='lat' dir='ltr'><strong>quae</strong></span> <span class='ocrx_word' id='word_1_219' title='bbox 1059 2673 1124 2724; x_wconf 86' lang='lat' dir='ltr'><strong>sunt</strong></span> <span class='ocrx_word' id='word_1_220' title='bbox 1135 2663 1239 2740; x_wconf 80' lang='grc' dir='ltr'><strong><em>Ἰησοῦς</em></strong></span> <span class='ocrx_word' id='word_1_221' title='bbox 1250 2668 1390 2742; x_wconf 84' lang='grc' dir='ltr'><strong><em>Χρειστός</em></strong></span> <span class='ocrx_word' id='word_1_222' title='bbox 1403 2671 1476 2726; x_wconf 86' lang='grc' dir='ltr'><strong><em>Θεοῦ</em></strong></span> <span class='ocrx_word' id='word_1_223' title='bbox 1494 2669 1554 2736; x_wconf 83' lang='grc' dir='ltr'><strong><em>υίὸς</em></strong></span> 
     </span>
     <span class='ocr_line' id='line_1_24' title="bbox 244 2754 1553 2830; baseline 0.001 -21"><span class='ocrx_word' id='word_1_224' title='bbox 244 2757 344 2830; x_wconf 82' lang='grc' dir='ltr'><strong><em>σωτήρ,</em></strong></span> <span class='ocrx_word' id='word_1_225' title='bbox 363 2757 436 2824; x_wconf 89' lang='lat' dir='ltr'><strong>quod</strong></span> <span class='ocrx_word' id='word_1_226' title='bbox 452 2759 493 2812; x_wconf 84' lang='lat' dir='ltr'><strong>est</strong></span> <span class='ocrx_word' id='word_1_227' title='bbox 509 2755 608 2810; x_wconf 80' lang='lat' dir='ltr'><strong>Latine</strong></span> <span class='ocrx_word' id='word_1_228' title='bbox 626 2756 699 2810; x_wconf 82' lang='lat' dir='ltr'><strong>Iesus</strong></span> <span class='ocrx_word' id='word_1_229' title='bbox 712 2755 835 2810; x_wconf 83' lang='lat' dir='ltr'><strong>Christus</strong></span> <span class='ocrx_word' id='word_1_230' title='bbox 853 2755 904 2812; x_wconf 88' lang='lat' dir='ltr'><strong>Dei</strong></span> <span class='ocrx_word' id='word_1_231' title='bbox 921 2755 993 2810; x_wconf 85' lang='lat' dir='ltr'><strong>filius</strong></span> <span class='ocrx_word' id='word_1_232' title='bbox 1011 2755 1141 2821; x_wconf 76' lang='lat' dir='ltr'><strong>salvator,</strong></span> <span class='ocrx_word' id='word_1_233' title='bbox 1161 2755 1185 2809; x_wconf 93' lang='lat' dir='ltr'><strong>si</strong></span> <span class='ocrx_word' id='word_1_234' title='bbox 1202 2754 1303 2825; x_wconf 83' lang='lat' dir='ltr'><strong>primes</strong></span> <span class='ocrx_word' id='word_1_235' title='bbox 1320 2755 1428 2810; x_wconf 82' lang='lat' dir='ltr'><strong>littores</strong></span> <span class='ocrx_word' id='word_1_236' title='bbox 1446 2755 1553 2826; x_wconf 78' lang='lat' dir='ltr'><strong>iunges,</strong></span> 
     </span>
     <span class='ocr_line' id='line_1_25' title="bbox 247 2837 1554 2911; baseline 0 -19"><span class='ocrx_word' id='word_1_237' title='bbox 247 2839 300 2894; x_wconf 88' lang='lat' dir='ltr'><strong>erit</strong></span> <span class='ocrx_word' id='word_1_238' title='bbox 317 2837 409 2911; x_wconf 76' lang='grc' dir='ltr'><strong><em>ἰχθύς,</em></strong></span> <span class='ocrx_word' id='word_1_239' title='bbox 435 2840 464 2894; x_wconf 93' lang='lat' dir='ltr'><strong>id</strong></span> <span class='ocrx_word' id='word_1_240' title='bbox 487 2843 529 2896; x_wconf 87' lang='lat' dir='ltr'><strong>est</strong></span> <span class='ocrx_word' id='word_1_241' title='bbox 549 2841 642 2911; x_wconf 72' lang='lat' dir='ltr'><strong>piccio,</strong></span> <span class='ocrx_word' id='word_1_242' title='bbox 670 2841 698 2895; x_wconf 93' lang='lat' dir='ltr'><strong>in</strong></span> <span class='ocrx_word' id='word_1_243' title='bbox 727 2859 781 2910; x_wconf 90' lang='lat' dir='ltr'><strong>quo</strong></span> <span class='ocrx_word' id='word_1_244' title='bbox 803 2841 915 2896; x_wconf 87' lang='lat' dir='ltr'><strong>nomine</strong></span> <span class='ocrx_word' id='word_1_245' title='bbox 936 2841 1050 2910; x_wconf 85' lang='lat' dir='ltr'><strong>mystice</strong></span> <span class='ocrx_word' id='word_1_246' title='bbox 1071 2839 1244 2911; x_wconf 80' lang='lat' dir='ltr'><strong>intellegitur</strong></span> <span class='ocrx_word' id='word_1_247' title='bbox 1261 2839 1382 2895; x_wconf 78' lang='lat' dir='ltr'><strong>Christus</strong></span> <span class='ocrx_word' id='word_1_248' title='bbox 1399 2878 1406 2892; x_wconf 93' lang='lat'><em>.</em></span> <span class='ocrx_word' id='word_1_249' title='bbox 1424 2881 1431 2895; x_wconf 91' lang='lat'><strong>.</strong></span> <span class='ocrx_word' id='word_1_250' title='bbox 1448 2879 1454 2892; x_wconf 93' lang='lat'><em>.</em></span> <span class='ocrx_word' id='word_1_251' title='bbox 1474 2881 1481 2894; x_wconf 92' lang='lat'><em>.</em></span> <span class='ocrx_word' id='word_1_252' title='bbox 1503 2841 1554 2906; x_wconf 76' lang='lat' dir='ltr'><strong>(lm</strong></span> 
     </span>
     <span class='ocr_line' id='line_1_26' title="bbox 249 2923 1554 2996; baseline 0.002 -20"><span class='ocrx_word' id='word_1_253' title='bbox 249 2924 412 2980; x_wconf 80' lang='lat' dir='ltr'><strong>llittelelter</strong></span> <span class='ocrx_word' id='word_1_254' title='bbox 433 2925 488 2980; x_wconf 82' lang='lat' dir='ltr'><strong>viel</strong></span> <span class='ocrx_word' id='word_1_255' title='bbox 511 2925 633 2996; x_wconf 81' lang='lat' dir='ltr'><strong>gelescn:</strong></span> <span class='ocrx_word' id='word_1_256' title='bbox 660 2926 717 2996; x_wconf 62' lang='grc' dir='ltr'><strong><em>ταί.</em></strong></span> <span class='ocrx_word' id='word_1_257' title='bbox 739 2927 783 2980; x_wconf 89' lang='lat' dir='ltr'><strong>die</strong></span> <span class='ocrx_word' id='word_1_258' title='bbox 805 2925 996 2980; x_wconf 87' lang='lat' dir='ltr'><strong>tiburtinische</strong></span> <span class='ocrx_word' id='word_1_259' title='bbox 1018 2924 1122 2995; x_wconf 83' lang='lat' dir='ltr'><strong>Sibylle</strong></span> <span class='ocrx_word' id='word_1_260' title='bbox 1144 2925 1189 2979; x_wconf 89' lang='lat' dir='ltr'><strong>bei</strong></span> <span class='ocrx_word' id='word_1_261' title='bbox 1214 2925 1328 2980; x_wconf 80' lang='lat' dir='ltr'><strong>Seckur:</strong></span> <span class='ocrx_word' id='word_1_262' title='bbox 1363 2923 1554 2994; x_wconf 84' lang='lat' dir='ltr'><strong>Sibyllinische</strong></span> 
     </span>
     <span class='ocr_line' id='line_1_27' title="bbox 246 3009 956 3082; baseline 0.004 -21"><span class='ocrx_word' id='word_1_263' title='bbox 246 3009 331 3062; x_wconf 82' lang='lat' dir='ltr'><strong>&#39;l&#39;exbe</strong></span> <span class='ocrx_word' id='word_1_264' title='bbox 349 3009 374 3064; x_wconf 87' lang='lat' dir='ltr'><strong>S.</strong></span> <span class='ocrx_word' id='word_1_265' title='bbox 394 3011 451 3065; x_wconf 83' lang='grc'><strong>187.</strong></span> <span class='ocrx_word' id='word_1_266' title='bbox 487 3009 616 3065; x_wconf 74' lang='lat' dir='ltr'><strong>Carmine</strong></span> <span class='ocrx_word' id='word_1_267' title='bbox 635 3011 743 3065; x_wconf 79' lang='lat' dir='ltr'><strong>Bureua</strong></span> <span class='ocrx_word' id='word_1_268' title='bbox 760 3029 786 3082; x_wconf 86' lang='lat' dir='ltr'><strong>p.</strong></span> <span class='ocrx_word' id='word_1_269' title='bbox 803 3009 836 3065; x_wconf 88' lang='grc'><strong>81</strong></span> <span class='ocrx_word' id='word_1_270' title='bbox 855 3011 956 3078; x_wconf 88' lang='lat' dir='ltr'><strong>Schm.)</strong></span> 
     </span>
    </p>
   </div>
   <div class='ocr_carea' id='block_1_5' title="bbox 246 3143 1555 3470">
    <p class='ocr_par' dir='ltr' id='par_1_5' title="bbox 246 3143 1555 3470">
     <span class='ocr_line' id='line_1_28' title="bbox 329 3143 1555 3214; baseline -0.005 -12"><span class='ocrx_word' id='word_1_271' title='bbox 329 3145 390 3202; x_wconf 84' lang='grc'><strong>224</strong></span> <span class='ocrx_word' id='word_1_272' title='bbox 413 3145 467 3214; x_wconf 82' lang='lat' dir='ltr'><strong>vgl.</strong></span> <span class='ocrx_word' id='word_1_273' title='bbox 490 3145 529 3198; x_wconf 93' lang='lat' dir='ltr'><strong>III</strong></span> <span class='ocrx_word' id='word_1_274' title='bbox 550 3147 802 3202; x_wconf 67' lang='grc' dir='ltr'><strong><em>606.-Ιιαο1ααλ.</em></strong></span> <span class='ocrx_word' id='word_1_275' title='bbox 825 3145 880 3200; x_wconf 83' lang='lat' dir='ltr'><strong>div.</strong></span> <span class='ocrx_word' id='word_1_276' title='bbox 901 3146 966 3200; x_wconf 85' lang='lat' dir='ltr'><strong>inst.</strong></span> <span class='ocrx_word' id='word_1_277' title='bbox 988 3145 1137 3212; x_wconf 80' lang='lat' dir='ltr'><strong>vl119,9</strong></span> <span class='ocrx_word' id='word_1_278' title='bbox 1159 3160 1214 3199; x_wconf 89' lang='grc' dir='ltr'><strong>αοα</strong></span> <span class='ocrx_word' id='word_1_279' title='bbox 1237 3144 1361 3199; x_wconf 87' lang='lat' dir='ltr'><strong>colentur</strong></span> <span class='ocrx_word' id='word_1_280' title='bbox 1384 3143 1498 3198; x_wconf 89' lang='lat' dir='ltr'><strong>ulterius</strong></span> <span class='ocrx_word' id='word_1_281' title='bbox 1516 3143 1555 3197; x_wconf 91' lang='lat' dir='ltr'><strong>dii</strong></span> 
     </span>
     <span class='ocr_line' id='line_1_29' title="bbox 246 3227 1555 3300; baseline -0.002 -17"><span class='ocrx_word' id='word_1_282' title='bbox 246 3247 331 3284; x_wconf 85' lang='lat' dir='ltr'><strong>manu</strong></span> <span class='ocrx_word' id='word_1_283' title='bbox 348 3229 427 3297; x_wconf 81' lang='lat' dir='ltr'><strong>fecti,</strong></span> <span class='ocrx_word' id='word_1_284' title='bbox 446 3227 494 3284; x_wconf 86' lang='lat' dir='ltr'><strong>sed</strong></span> <span class='ocrx_word' id='word_1_285' title='bbox 511 3247 528 3284; x_wconf 83' lang='lat' dir='ltr'><strong>e</strong></span> <span class='ocrx_word' id='word_1_286' title='bbox 545 3230 655 3300; x_wconf 89' lang='lat' dir='ltr'><strong>templis</strong></span> <span class='ocrx_word' id='word_1_287' title='bbox 674 3247 706 3285; x_wconf 81' lang='lat' dir='ltr'><strong>cc</strong></span> <span class='ocrx_word' id='word_1_288' title='bbox 724 3231 912 3300; x_wconf 73' lang='lat' dir='ltr'><strong>pulvinaribus</strong></span> <span class='ocrx_word' id='word_1_289' title='bbox 936 3230 991 3284; x_wconf 90' lang='lat' dir='ltr'><strong>suis</strong></span> <span class='ocrx_word' id='word_1_290' title='bbox 1009 3229 1157 3284; x_wconf 80' lang='lat' dir='ltr'><strong>deturbato</strong></span> <span class='ocrx_word' id='word_1_291' title='bbox 1174 3228 1321 3284; x_wconf 79' lang='lat' dir='ltr'><strong>simulacro</strong></span> <span class='ocrx_word' id='word_1_292' title='bbox 1337 3228 1397 3297; x_wconf 83' lang='lat' dir='ltr'><strong>igni</strong></span> <span class='ocrx_word' id='word_1_293' title='bbox 1415 3227 1555 3282; x_wconf 80' lang='lat' dir='ltr'><strong>dabuntur</strong></span> 
     </span>
     <span class='ocr_line' id='line_1_30' title="bbox 250 3313 1554 3384; baseline 0 -16"><span class='ocrx_word' id='word_1_294' title='bbox 250 3318 351 3368; x_wconf 87' lang='lat' dir='ltr'><strong>etcum</strong></span> <span class='ocrx_word' id='word_1_295' title='bbox 364 3313 442 3375; x_wconf 84' lang='lat' dir='ltr'><strong>donis</strong></span> <span class='ocrx_word' id='word_1_296' title='bbox 455 3313 510 3367; x_wconf 86' lang='lat' dir='ltr'><strong>suis</strong></span> <span class='ocrx_word' id='word_1_297' title='bbox 522 3314 695 3370; x_wconf 82' lang='lat' dir='ltr'><strong>mirabilibus</strong></span> <span class='ocrx_word' id='word_1_298' title='bbox 708 3315 856 3372; x_wconf 74' lang='lat' dir='ltr'><strong>ardebunt:</strong></span> <span class='ocrx_word' id='word_1_299' title='bbox 870 3314 944 3384; x_wconf 91' lang='lat' dir='ltr'><strong>quod</strong></span> <span class='ocrx_word' id='word_1_300' title='bbox 956 3314 1039 3368; x_wconf 83' lang='lat' dir='ltr'><strong>etiem</strong></span> <span class='ocrx_word' id='word_1_301' title='bbox 1051 3313 1159 3383; x_wconf 79' lang='lat' dir='ltr'><strong>Sibylla</strong></span> <span class='ocrx_word' id='word_1_302' title='bbox 1170 3330 1232 3367; x_wconf 91' lang='lat' dir='ltr'><strong>cum</strong></span> <span class='ocrx_word' id='word_1_303' title='bbox 1244 3313 1383 3383; x_wconf 88' lang='lat' dir='ltr'><strong>prophetis</strong></span> <span class='ocrx_word' id='word_1_304' title='bbox 1395 3313 1459 3380; x_wconf 84' lang='lat' dir='ltr'><strong>(Jes.</strong></span> <span class='ocrx_word' id='word_1_305' title='bbox 1472 3313 1496 3378; x_wconf 86' lang='lat'><strong>2,</strong></span> <span class='ocrx_word' id='word_1_306' title='bbox 1512 3314 1554 3378; x_wconf 74' lang='lat'><strong>18)</strong></span> 
     </span>
     <span class='ocr_line' id='line_1_31' title="bbox 248 3396 981 3470; baseline 0.003 -20"><span class='ocrx_word' id='word_1_307' title='bbox 248 3413 400 3467; x_wconf 80' lang='lat' dir='ltr'><strong>congruens</strong></span> <span class='ocrx_word' id='word_1_308' title='bbox 417 3397 540 3452; x_wconf 84' lang='lat' dir='ltr'><strong>futurum</strong></span> <span class='ocrx_word' id='word_1_309' title='bbox 557 3416 615 3454; x_wconf 85' lang='lat' dir='ltr'><strong>esse</strong></span> <span class='ocrx_word' id='word_1_310' title='bbox 632 3398 781 3469; x_wconf 79' lang='lat' dir='ltr'><strong>praedixit:</strong></span> <span class='ocrx_word' id='word_1_311' title='bbox 799 3396 981 3470; x_wconf 90' lang='grc' dir='ltr'><strong><em>ῥίψασιν...</em></strong></span> 
     </span>
    </p>
   </div>
   <div class='ocr_carea' id='block_1_6' title="bbox 245 3529 1561 4784">
    <p class='ocr_par' dir='ltr' id='par_1_6' title="bbox 245 3529 1561 4784">
     <span class='ocr_line' id='line_1_32' title="bbox 330 3529 1556 3605; baseline -0.004 -17"><span class='ocrx_word' id='word_1_312' title='bbox 330 3531 388 3588; x_wconf 90' lang='grc'>221</span> <span class='ocrx_word' id='word_1_313' title='bbox 407 3531 494 3602; x_wconf 75' lang='lat' dir='ltr'><strong>perd:</strong></span> <span class='ocrx_word' id='word_1_314' title='bbox 511 3533 587 3603; x_wconf 83' lang='grc' dir='ltr'><strong><em>μέγα</em></strong></span> <span class='ocrx_word' id='word_1_315' title='bbox 604 3536 633 3588; x_wconf 93' lang='grc' dir='ltr'><strong>Ω</strong></span> <span class='ocrx_word' id='word_1_316' title='bbox 648 3535 651 3603; x_wconf 94' lang='grc' dir='ltr'>Ι</span> <span class='ocrx_word' id='word_1_317' title='bbox 667 3533 726 3590; x_wconf 88' lang='grc'><strong>222</strong></span> <span class='ocrx_word' id='word_1_318' title='bbox 745 3533 928 3605; x_wconf 86' lang='grc' dir='ltr'><strong><em>σαρκοψόρον</em></strong></span> <span class='ocrx_word' id='word_1_319' title='bbox 940 3533 961 3586; x_wconf 87' lang='lat' dir='ltr'><strong>F</strong></span> <span class='ocrx_word' id='word_1_320' title='bbox 974 3532 1065 3588; x_wconf 86' lang='lat' dir='ltr'><strong>Const.</strong></span> <span class='ocrx_word' id='word_1_321' title='bbox 1080 3531 1140 3586; x_wconf 79' lang='lat' dir='ltr'><strong>Vct</strong></span> <span class='ocrx_word' id='word_1_322' title='bbox 1153 3533 1214 3585; x_wconf 85' lang='lat' dir='ltr'><strong>Per.</strong></span> <span class='ocrx_word' id='word_1_323' title='bbox 1233 3529 1415 3602; x_wconf 84' lang='grc' dir='ltr'><strong><em>σαρκσψίρος</em></strong></span> <span class='ocrx_word' id='word_1_324' title='bbox 1427 3531 1510 3584; x_wconf 83' lang='lat' dir='ltr'><strong>Mero.</strong></span> <span class='ocrx_word' id='word_1_325' title='bbox 1523 3561 1556 3570; x_wconf 98' lang='lat'>-</span> 
     </span>
     <span class='ocr_line' id='line_1_33' title="bbox 246 3609 1555 3691; baseline -0.001 -23"><span class='ocrx_word' id='word_1_326' title='bbox 246 3609 271 3668; x_wconf 77' lang='grc' dir='ltr'><strong>ῥ’</strong></span> <span class='ocrx_word' id='word_1_327' title='bbox 288 3613 399 3687; x_wconf 83' lang='grc' dir='ltr'><strong><em>ἀνδρῶν</em></strong></span> <span class='ocrx_word' id='word_1_328' title='bbox 421 3616 514 3688; x_wconf 80' lang='grc' dir='ltr'><strong><em>ψυχὰς</em></strong></span> <span class='ocrx_word' id='word_1_329' title='bbox 532 3617 589 3672; x_wconf 85' lang='lat' dir='ltr'><strong>Mei</strong></span> <span class='ocrx_word' id='word_1_330' title='bbox 612 3617 723 3691; x_wconf 83' lang='grc' dir='ltr'><strong><em>ἀνδρῶν</em></strong></span> <span class='ocrx_word' id='word_1_331' title='bbox 745 3615 839 3688; x_wconf 81' lang='grc' dir='ltr'><strong><em>ψυχὰς</em></strong></span> <span class='ocrx_word' id='word_1_332' title='bbox 856 3617 960 3687; x_wconf 82' lang='grc' dir='ltr'><strong><em>(ψυχήν</em></strong></span> <span class='ocrx_word' id='word_1_333' title='bbox 977 3617 1012 3683; x_wconf 88' lang='grc' dir='ltr'><strong>Η)</strong></span> <span class='ocrx_word' id='word_1_334' title='bbox 1030 3619 1059 3671; x_wconf 98' lang='grc' dir='ltr'><strong>Ω</strong></span> <span class='ocrx_word' id='word_1_335' title='bbox 1081 3614 1175 3686; x_wconf 84' lang='grc' dir='ltr'><strong><em>ψυχάς</em></strong></span> <span class='ocrx_word' id='word_1_336' title='bbox 1191 3610 1216 3670; x_wconf 87' lang='grc' dir='ltr'><strong>τ1</strong></span> <span class='ocrx_word' id='word_1_337' title='bbox 1234 3613 1344 3684; x_wconf 80' lang='grc' dir='ltr'><strong><em>ἀνδρῶν</em></strong></span> <span class='ocrx_word' id='word_1_338' title='bbox 1363 3615 1452 3668; x_wconf 85' lang='lat' dir='ltr'><strong>Const.</strong></span> <span class='ocrx_word' id='word_1_339' title='bbox 1471 3615 1555 3668; x_wconf 79' lang='lat' dir='ltr'><strong>liceo.</strong></span> 
     </span>
     <span class='ocr_line' id='line_1_34' title="bbox 246 3693 1555 3775; baseline -0.001 -22"><span class='ocrx_word' id='word_1_340' title='bbox 246 3700 331 3754; x_wconf 75' lang='lat' dir='ltr'><strong>llere.</strong></span> <span class='ocrx_word' id='word_1_341' title='bbox 350 3701 411 3755; x_wconf 83' lang='lat' dir='ltr'><strong>Pur.</strong></span> <span class='ocrx_word' id='word_1_342' title='bbox 429 3700 523 3770; x_wconf 75' lang='grc' dir='ltr'><strong><em>ψιγάς</em></strong></span> <span class='ocrx_word' id='word_1_343' title='bbox 539 3696 564 3756; x_wconf 83' lang='lat' dir='ltr'><strong>d‘</strong></span> <span class='ocrx_word' id='word_1_344' title='bbox 582 3699 692 3775; x_wconf 80' lang='grc' dir='ltr'><strong><em>ἀνδρῶν</em></strong></span> <span class='ocrx_word' id='word_1_345' title='bbox 711 3703 774 3757; x_wconf 77' lang='lat' dir='ltr'><strong>Vae.</strong></span> <span class='ocrx_word' id='word_1_346' title='bbox 793 3732 825 3741; x_wconf 93' lang='lat'>—</span> <span class='ocrx_word' id='word_1_347' title='bbox 845 3701 906 3755; x_wconf 78' lang='lat' dir='ltr'><strong>Vct</strong></span> <span class='ocrx_word' id='word_1_348' title='bbox 926 3703 1000 3756; x_wconf 88' lang='grc'><strong>1357.</strong></span> <span class='ocrx_word' id='word_1_349' title='bbox 1018 3698 1112 3770; x_wconf 81' lang='grc' dir='ltr'><strong><em>ψυχὰς</em></strong></span> <span class='ocrx_word' id='word_1_350' title='bbox 1129 3693 1153 3754; x_wconf 84' lang='grc' dir='ltr'><strong>δ’</strong></span> <span class='ocrx_word' id='word_1_351' title='bbox 1170 3695 1334 3768; x_wconf 70' lang='grc' dir='ltr'><strong><em>ἀνθρώπων</em></strong></span> <span class='ocrx_word' id='word_1_352' title='bbox 1349 3701 1416 3768; x_wconf 85' lang='grc' dir='ltr'><strong>Ψψ</strong></span> <span class='ocrx_word' id='word_1_353' title='bbox 1444 3695 1555 3768; x_wconf 75' lang='grc' dir='ltr'><strong><em>ἀνθρώ-</em></strong></span> 
     </span>
     <span class='ocr_line' id='line_1_35' title="bbox 247 3779 1557 3857; baseline 0 -19"><span class='ocrx_word' id='word_1_354' title='bbox 247 3801 309 3838; x_wconf 84' lang='grc' dir='ltr'><strong><em>πιον</em></strong></span> <span class='ocrx_word' id='word_1_355' title='bbox 321 3786 356 3838; x_wconf 89' lang='grc' dir='ltr'><strong>Φ.</strong></span> <span class='ocrx_word' id='word_1_356' title='bbox 374 3815 407 3824; x_wconf 93' lang='grc'>-</span> <span class='ocrx_word' id='word_1_357' title='bbox 426 3781 472 3839; x_wconf 79' lang='grc' dir='ltr'><strong>ἐπί</strong></span> <span class='ocrx_word' id='word_1_358' title='bbox 488 3787 593 3857; x_wconf 90' lang='grc' dir='ltr'><strong><em>βήματι</em></strong></span> <span class='ocrx_word' id='word_1_359' title='bbox 611 3787 701 3854; x_wconf 85' lang='grc' dir='ltr'><strong><em>κρίνει</em></strong></span> <span class='ocrx_word' id='word_1_360' title='bbox 718 3785 773 3855; x_wconf 82' lang='lat' dir='ltr'><strong>vgl.</strong></span> <span class='ocrx_word' id='word_1_361' title='bbox 793 3785 825 3840; x_wconf 86' lang='lat' dir='ltr'><strong>V.</strong></span> <span class='ocrx_word' id='word_1_362' title='bbox 843 3787 884 3840; x_wconf 83' lang='lat'><strong>82.</strong></span> <span class='ocrx_word' id='word_1_363' title='bbox 903 3815 936 3824; x_wconf 94' lang='lat'><em>-</em></span> <span class='ocrx_word' id='word_1_364' title='bbox 954 3782 1000 3840; x_wconf 83' lang='grc' dir='ltr'><strong>έπί</strong></span> <span class='ocrx_word' id='word_1_365' title='bbox 1015 3787 1131 3856; x_wconf 76' lang='grc' dir='ltr'><strong><em>βήματα</em></strong></span> <span class='ocrx_word' id='word_1_366' title='bbox 1154 3787 1258 3856; x_wconf 77' lang='grc' dir='ltr'><strong><em>βήματι</em></strong></span> <span class='ocrx_word' id='word_1_367' title='bbox 1277 3786 1303 3838; x_wconf 93' lang='grc' dir='ltr'><em>Φ</em></span> <span class='ocrx_word' id='word_1_368' title='bbox 1321 3779 1368 3838; x_wconf 78' lang='lat' dir='ltr'><strong>eo</strong></span> <span class='ocrx_word' id='word_1_369' title='bbox 1384 3785 1512 3854; x_wconf 81' lang='grc' dir='ltr'><strong><em>βήματος</em></strong></span> <span class='ocrx_word' id='word_1_370' title='bbox 1529 3784 1557 3838; x_wconf 86' lang='grc' dir='ltr'><strong>Ω</strong></span> 
     </span>
     <span class='ocr_line' id='line_1_36' title="bbox 247 3867 1556 3940; baseline -0.002 -17"><span class='ocrx_word' id='word_1_371' title='bbox 247 3869 338 3924; x_wconf 68' lang='lat' dir='ltr'><strong>(toust</strong></span> <span class='ocrx_word' id='word_1_372' title='bbox 357 3869 440 3924; x_wconf 86' lang='lat' dir='ltr'><strong>Mero.</strong></span> <span class='ocrx_word' id='word_1_373' title='bbox 456 3899 487 3907; x_wconf 96' lang='lat'><em>-</em></span> <span class='ocrx_word' id='word_1_374' title='bbox 506 3871 595 3940; x_wconf 83' lang='grc' dir='ltr'><strong><em>κρίνει</em></strong></span> <span class='ocrx_word' id='word_1_375' title='bbox 613 3872 673 3924; x_wconf 92' lang='grc' dir='ltr'><strong>ΩΨ</strong></span> <span class='ocrx_word' id='word_1_376' title='bbox 693 3869 825 3924; x_wconf 82' lang='lat' dir='ltr'><strong>iudicat</strong></span> <span class='ocrx_word' id='word_1_377' title='bbox 842 3869 987 3939; x_wconf 80' lang='lat' dir='ltr'><strong>Augustin.</strong></span> <span class='ocrx_word' id='word_1_378' title='bbox 1006 3875 1099 3940; x_wconf 87' lang='grc' dir='ltr'><strong><em>κρινεῖ</em></strong></span> <span class='ocrx_word' id='word_1_379' title='bbox 1112 3869 1204 3923; x_wconf 86' lang='lat' dir='ltr'><strong>Conet.</strong></span> <span class='ocrx_word' id='word_1_380' title='bbox 1222 3868 1327 3938; x_wconf 86' lang='grc' dir='ltr'><strong><em>κρίνων</em></strong></span> <span class='ocrx_word' id='word_1_381' title='bbox 1345 3869 1371 3921; x_wconf 93' lang='grc' dir='ltr'><em>Φ</em></span> <span class='ocrx_word' id='word_1_382' title='bbox 1392 3869 1396 3936; x_wconf 73' lang='lat' dir='ltr'><strong>l</strong></span> <span class='ocrx_word' id='word_1_383' title='bbox 1416 3867 1474 3924; x_wconf 91' lang='grc'>223</span> <span class='ocrx_word' id='word_1_384' title='bbox 1492 3867 1556 3922; x_wconf 88' lang='grc' dir='ltr'><strong><em>τότε</em></strong></span> 
     </span>
     <span class='ocr_line' id='line_1_37' title="bbox 246 3947 1557 4024; baseline -0.002 -18"><span class='ocrx_word' id='word_1_385' title='bbox 246 3955 282 4007; x_wconf 91' lang='grc' dir='ltr'><strong>Ω.</strong></span> <span class='ocrx_word' id='word_1_386' title='bbox 300 3983 332 3992; x_wconf 98' lang='grc'>-</span> <span class='ocrx_word' id='word_1_387' title='bbox 350 3953 459 4022; x_wconf 80' lang='grc' dir='ltr'><strong><em>κόσμος</em></strong></span> <span class='ocrx_word' id='word_1_388' title='bbox 477 3947 544 4018; x_wconf 75' lang='grc' dir='ltr'><strong><em>ὅλος</em></strong></span> <span class='ocrx_word' id='word_1_389' title='bbox 561 3979 594 3996; x_wconf 88' lang='lat'>=</span> <span class='ocrx_word' id='word_1_390' title='bbox 612 3955 637 4007; x_wconf 95' lang='lat' dir='ltr'><strong>Il</strong></span> <span class='ocrx_word' id='word_1_391' title='bbox 656 3956 687 4009; x_wconf 80' lang='lat'><strong>21</strong></span> <span class='ocrx_word' id='word_1_392' title='bbox 704 3953 784 4022; x_wconf 83' lang='grc'>1224</span> <span class='ocrx_word' id='word_1_393' title='bbox 803 3953 856 4024; x_wconf 80' lang='lat' dir='ltr'><strong>vgl.</strong></span> <span class='ocrx_word' id='word_1_394' title='bbox 875 3955 914 4008; x_wconf 92' lang='lat'><strong>111</strong></span> <span class='ocrx_word' id='word_1_395' title='bbox 926 3954 984 4008; x_wconf 90' lang='grc'>606.</span> <span class='ocrx_word' id='word_1_396' title='bbox 996 3983 1029 3991; x_wconf 96' lang='grc'>-</span> <span class='ocrx_word' id='word_1_397' title='bbox 1042 3950 1174 4022; x_wconf 74' lang='grc' dir='ltr'><strong><em>ῥίψουσιν</em></strong></span> <span class='ocrx_word' id='word_1_398' title='bbox 1186 3955 1213 4006; x_wconf 92' lang='grc' dir='ltr'><em>Φ</em></span> <span class='ocrx_word' id='word_1_399' title='bbox 1226 3951 1342 4023; x_wconf 88' lang='grc' dir='ltr'><strong><em>ῥίψουσι</em></strong></span> <span class='ocrx_word' id='word_1_400' title='bbox 1360 3951 1421 4004; x_wconf 91' lang='grc' dir='ltr'><strong>ΩΨ</strong></span> <span class='ocrx_word' id='word_1_401' title='bbox 1436 3947 1557 4020; x_wconf 75' lang='grc' dir='ltr'><strong><em>ῥίψασιν</em></strong></span> 
     </span>
     <span class='ocr_line' id='line_1_38' title="bbox 245 4032 1558 4108; baseline 0 -18"><span class='ocrx_word' id='word_1_402' title='bbox 245 4035 371 4091; x_wconf 76' lang='lat' dir='ltr'><strong>Lactant</strong></span> <span class='ocrx_word' id='word_1_403' title='bbox 397 4035 503 4108; x_wconf 86' lang='grc' dir='ltr'><strong><em>ῥίψασι</em></strong></span> <span class='ocrx_word' id='word_1_404' title='bbox 525 4036 617 4092; x_wconf 84' lang='lat' dir='ltr'><strong>Gonrt.</strong></span> <span class='ocrx_word' id='word_1_405' title='bbox 639 4068 672 4076; x_wconf 97' lang='lat'>-</span> <span class='ocrx_word' id='word_1_406' title='bbox 695 4033 730 4092; x_wconf 78' lang='lat' dir='ltr'><strong>d‘:</strong></span> <span class='ocrx_word' id='word_1_407' title='bbox 753 4033 778 4093; x_wconf 75' lang='grc' dir='ltr'><strong><em>τ’</em></strong></span> <span class='ocrx_word' id='word_1_408' title='bbox 799 4037 891 4093; x_wconf 85' lang='lat' dir='ltr'><strong>Conet.</strong></span> <span class='ocrx_word' id='word_1_409' title='bbox 916 4039 920 4105; x_wconf 95' lang='grc' dir='ltr'>Ι</span> <span class='ocrx_word' id='word_1_410' title='bbox 945 4035 1005 4092; x_wconf 87' lang='grc'>225</span> <span class='ocrx_word' id='word_1_411' title='bbox 1024 4045 1056 4095; x_wconf 98' lang='grc'>&lt;</span> <span class='ocrx_word' id='word_1_412' title='bbox 1075 4035 1167 4091; x_wconf 82' lang='lat' dir='ltr'><strong>Const.</strong></span> <span class='ocrx_word' id='word_1_413' title='bbox 1189 4037 1273 4092; x_wconf 85' lang='lat' dir='ltr'><strong>Mose.</strong></span> <span class='ocrx_word' id='word_1_414' title='bbox 1296 4036 1357 4091; x_wconf 80' lang='lat' dir='ltr'><strong>Pur.</strong></span> <span class='ocrx_word' id='word_1_415' title='bbox 1380 4065 1413 4074; x_wconf 93' lang='lat'><em>-</em></span> <span class='ocrx_word' id='word_1_416' title='bbox 1436 4032 1558 4103; x_wconf 76' lang='grc' dir='ltr'><strong><em>έκκαέσγ</em></strong></span> 
     </span>
     <span class='ocr_line' id='line_1_39' title="bbox 246 4117 1557 4192; baseline -0.003 -16"><span class='ocrx_word' id='word_1_417' title='bbox 246 4122 338 4176; x_wconf 89' lang='lat' dir='ltr'><strong>Const.</strong></span> <span class='ocrx_word' id='word_1_418' title='bbox 357 4121 420 4175; x_wconf 77' lang='lat' dir='ltr'><strong>vat</strong></span> <span class='ocrx_word' id='word_1_419' title='bbox 445 4124 449 4188; x_wconf 74' lang='grc'><strong>1</strong></span> <span class='ocrx_word' id='word_1_420' title='bbox 473 4121 532 4178; x_wconf 88' lang='grc'><strong>226</strong></span> <span class='ocrx_word' id='word_1_421' title='bbox 556 4119 673 4192; x_wconf 80' lang='grc' dir='ltr'><strong><em>ἰχνείαν</em></strong></span> <span class='ocrx_word' id='word_1_422' title='bbox 693 4125 721 4176; x_wconf 94' lang='grc' dir='ltr'><strong>Ω</strong></span> <span class='ocrx_word' id='word_1_423' title='bbox 744 4120 862 4192; x_wconf 82' lang='grc' dir='ltr'><strong><em>ἰχνεύειν</em></strong></span> <span class='ocrx_word' id='word_1_424' title='bbox 885 4123 976 4177; x_wconf 77' lang='lat' dir='ltr'><strong>(lonst</strong></span> <span class='ocrx_word' id='word_1_425' title='bbox 995 4121 1078 4176; x_wconf 85' lang='lat' dir='ltr'><strong>Mose.</strong></span> <span class='ocrx_word' id='word_1_426' title='bbox 1096 4120 1156 4175; x_wconf 83' lang='lat' dir='ltr'><strong>Per.</strong></span> <span class='ocrx_word' id='word_1_427' title='bbox 1183 4152 1215 4160; x_wconf 88' lang='lat'><em>-</em></span> <span class='ocrx_word' id='word_1_428' title='bbox 1242 4117 1320 4192; x_wconf 81' lang='grc' dir='ltr'><strong><em>ῥήξει</em></strong></span> <span class='ocrx_word' id='word_1_429' title='bbox 1342 4138 1372 4176; x_wconf 91' lang='grc' dir='ltr'><strong>τε</strong></span> <span class='ocrx_word' id='word_1_430' title='bbox 1396 4119 1487 4174; x_wconf 72' lang='lat' dir='ltr'><strong>(louet.</strong></span> <span class='ocrx_word' id='word_1_431' title='bbox 1511 4120 1557 4173; x_wconf 87' lang='grc' dir='ltr'><strong>εί-</strong></span> 
     </span>
     <span class='ocr_line' id='line_1_40' title="bbox 247 4201 1558 4277; baseline 0.002 -20"><span class='ocrx_word' id='word_1_432' title='bbox 247 4206 376 4275; x_wconf 80' lang='lat' dir='ltr'><strong>fringet</strong></span> <span class='ocrx_word' id='word_1_433' title='bbox 397 4205 542 4276; x_wconf 78' lang='lat' dir='ltr'><strong>Augustin.</strong></span> <span class='ocrx_word' id='word_1_434' title='bbox 568 4204 680 4277; x_wconf 84' lang='grc' dir='ltr'><strong><em>φρύξειε</em></strong></span> <span class='ocrx_word' id='word_1_435' title='bbox 699 4209 727 4261; x_wconf 89' lang='grc' dir='ltr'><strong>Ω</strong></span> <span class='ocrx_word' id='word_1_436' title='bbox 750 4205 843 4276; x_wconf 83' lang='grc' dir='ltr'><strong><em>ψλέξει</em></strong></span> <span class='ocrx_word' id='word_1_437' title='bbox 861 4207 890 4262; x_wconf 80' lang='grc' dir='ltr'><strong>δέ</strong></span> <span class='ocrx_word' id='word_1_438' title='bbox 908 4207 973 4260; x_wconf 91' lang='grc' dir='ltr'><strong>ΦΨ.</strong></span> <span class='ocrx_word' id='word_1_439' title='bbox 997 4235 1030 4244; x_wconf 99' lang='grc'>-</span> <span class='ocrx_word' id='word_1_440' title='bbox 1053 4203 1175 4277; x_wconf 76' lang='grc' dir='ltr'><strong><em>είριττῆςε</em></strong></span> <span class='ocrx_word' id='word_1_441' title='bbox 1194 4201 1318 4276; x_wconf 70' lang='grc' dir='ltr'><strong><em>εἱρκταῖς</em></strong></span> <span class='ocrx_word' id='word_1_442' title='bbox 1332 4203 1390 4270; x_wconf 69' lang='lat' dir='ltr'><strong>‚VH</strong></span> <span class='ocrx_word' id='word_1_443' title='bbox 1404 4203 1499 4260; x_wconf 73' lang='lat' dir='ltr'><strong>taetri</strong></span> <span class='ocrx_word' id='word_1_444' title='bbox 1513 4245 1518 4255; x_wconf 89' lang='lat'><em>.</em></span> <span class='ocrx_word' id='word_1_445' title='bbox 1532 4245 1558 4260; x_wconf 91' lang='lat'><strong>..</strong></span> 
     </span>
     <span class='ocr_line' id='line_1_41' title="bbox 245 4284 1558 4362; baseline -0.004 -16"><span class='ocrx_word' id='word_1_446' title='bbox 245 4291 385 4346; x_wconf 74' lang='lat' dir='ltr'><strong>Averniz</strong></span> <span class='ocrx_word' id='word_1_447' title='bbox 404 4291 549 4362; x_wconf 81' lang='lat' dir='ltr'><strong>Augustin,</strong></span> <span class='ocrx_word' id='word_1_448' title='bbox 563 4291 611 4345; x_wconf 87' lang='lat' dir='ltr'><strong>der</strong></span> <span class='ocrx_word' id='word_1_449' title='bbox 623 4291 681 4346; x_wconf 88' lang='lat' dir='ltr'><strong>also</strong></span> <span class='ocrx_word' id='word_1_450' title='bbox 694 4292 768 4347; x_wconf 84' lang='lat' dir='ltr'><strong>wohl</strong></span> <span class='ocrx_word' id='word_1_451' title='bbox 779 4287 886 4362; x_wconf 74' lang='grc' dir='ltr'><strong><em>ἐχθροῦ</em></strong></span> <span class='ocrx_word' id='word_1_452' title='bbox 897 4291 938 4344; x_wconf 83' lang='lat' dir='ltr'><strong>lue</strong></span> <span class='ocrx_word' id='word_1_453' title='bbox 954 4291 959 4358; x_wconf 91' lang='grc' dir='ltr'>Ι</span> <span class='ocrx_word' id='word_1_454' title='bbox 974 4289 1033 4346; x_wconf 87' lang='grc'>227</span> <span class='ocrx_word' id='word_1_455' title='bbox 1046 4290 1124 4346; x_wconf 77' lang='lat' dir='ltr'><strong>rote:</strong></span> <span class='ocrx_word' id='word_1_456' title='bbox 1143 4284 1190 4344; x_wconf 76' lang='lat' dir='ltr'><strong>dre</strong></span> <span class='ocrx_word' id='word_1_457' title='bbox 1201 4287 1256 4341; x_wconf 87' lang='grc' dir='ltr'><strong>ΜΗ</strong></span> <span class='ocrx_word' id='word_1_458' title='bbox 1269 4287 1342 4354; x_wconf 71' lang='grc' dir='ltr'><strong>(1αο</strong></span> <span class='ocrx_word' id='word_1_459' title='bbox 1361 4287 1512 4356; x_wconf 82' lang='lat' dir='ltr'><strong>verblueet).</strong></span> <span class='ocrx_word' id='word_1_460' title='bbox 1525 4317 1558 4327; x_wconf 92' lang='lat'>-</span> 
     </span>
     <span class='ocr_line' id='line_1_42' title="bbox 247 4366 1561 4448; baseline -0.004 -17"><span class='ocrx_word' id='word_1_461' title='bbox 247 4383 325 4432; x_wconf 83' lang='grc' dir='ltr'><strong><em>πᾶσα</em></strong></span> <span class='ocrx_word' id='word_1_462' title='bbox 343 4385 376 4434; x_wconf 96' lang='grc'>&lt;</span> <span class='ocrx_word' id='word_1_463' title='bbox 397 4377 431 4430; x_wconf 90' lang='grc' dir='ltr'><strong>Ψ.</strong></span> <span class='ocrx_word' id='word_1_464' title='bbox 453 4407 486 4414; x_wconf 95' lang='grc'>-</span> <span class='ocrx_word' id='word_1_465' title='bbox 509 4381 618 4448; x_wconf 81' lang='grc' dir='ltr'><strong><em>νεκρῶν</em></strong></span> <span class='ocrx_word' id='word_1_466' title='bbox 636 4377 665 4429; x_wconf 91' lang='grc' dir='ltr'><strong>Ω</strong></span> <span class='ocrx_word' id='word_1_467' title='bbox 683 4376 773 4432; x_wconf 75' lang='lat' dir='ltr'><strong>const</strong></span> <span class='ocrx_word' id='word_1_468' title='bbox 804 4379 916 4447; x_wconf 84' lang='grc' dir='ltr'><strong><em>βροτῶν</em></strong></span> <span class='ocrx_word' id='word_1_469' title='bbox 935 4377 994 4429; x_wconf 93' lang='grc' dir='ltr'><strong>ΦΨ</strong></span> <span class='ocrx_word' id='word_1_470' title='bbox 1014 4375 1077 4428; x_wconf 71' lang='lat' dir='ltr'><strong>Vsu</strong></span> <span class='ocrx_word' id='word_1_471' title='bbox 1104 4377 1178 4430; x_wconf 89' lang='grc'><strong>1357.</strong></span> <span class='ocrx_word' id='word_1_472' title='bbox 1201 4375 1259 4430; x_wconf 87' lang='grc'><strong>573.</strong></span> <span class='ocrx_word' id='word_1_473' title='bbox 1287 4401 1320 4412; x_wconf 90' lang='grc'>-</span> <span class='ocrx_word' id='word_1_474' title='bbox 1343 4368 1372 4437; x_wconf 78' lang='grc' dir='ltr'><strong>ές</strong></span> <span class='ocrx_word' id='word_1_475' title='bbox 1389 4371 1418 4425; x_wconf 89' lang='grc' dir='ltr'><strong>Ω</strong></span> <span class='ocrx_word' id='word_1_476' title='bbox 1440 4366 1484 4426; x_wconf 75' lang='grc' dir='ltr'><strong>ἐπ’</strong></span> <span class='ocrx_word' id='word_1_477' title='bbox 1501 4374 1561 4428; x_wconf 88' lang='grc' dir='ltr'><strong>ΦΨ</strong></span> 
     </span>
     <span class='ocr_line' id='line_1_43' title="bbox 247 4453 1558 4530; baseline -0.002 -17"><span class='ocrx_word' id='word_1_478' title='bbox 247 4459 310 4514; x_wconf 74' lang='lat' dir='ltr'><strong>vat</strong></span> <span class='ocrx_word' id='word_1_479' title='bbox 323 4461 397 4514; x_wconf 88' lang='grc'><strong>1357.</strong></span> <span class='ocrx_word' id='word_1_480' title='bbox 410 4461 461 4516; x_wconf 91' lang='grc'><strong>573</strong></span> <span class='ocrx_word' id='word_1_481' title='bbox 475 4461 480 4528; x_wconf 93' lang='grc' dir='ltr'>Ι</span> <span class='ocrx_word' id='word_1_482' title='bbox 496 4459 555 4516; x_wconf 90' lang='grc'><strong>228</strong></span> <span class='ocrx_word' id='word_1_483' title='bbox 568 4470 601 4519; x_wconf 98' lang='grc'>&lt;</span> <span class='ocrx_word' id='word_1_484' title='bbox 614 4465 645 4514; x_wconf 83' lang='grc' dir='ltr'><strong>Δ.</strong></span> <span class='ocrx_word' id='word_1_485' title='bbox 659 4491 692 4500; x_wconf 93' lang='grc'>-</span> <span class='ocrx_word' id='word_1_486' title='bbox 703 4457 770 4525; x_wconf 85' lang='grc' dir='ltr'><strong><em>τοὺς</em></strong></span> <span class='ocrx_word' id='word_1_487' title='bbox 781 4455 880 4530; x_wconf 79' lang='grc' dir='ltr'><strong><em>ἁγίους</em></strong></span> <span class='ocrx_word' id='word_1_488' title='bbox 894 4460 986 4515; x_wconf 83' lang='grc' dir='ltr'><strong><em>Οοαελ.</em></strong></span> <span class='ocrx_word' id='word_1_489' title='bbox 998 4488 1032 4498; x_wconf 90' lang='grc'><strong>-</strong></span> <span class='ocrx_word' id='word_1_490' title='bbox 1045 4455 1171 4526; x_wconf 76' lang='grc' dir='ltr'><strong><em>ἀνόμοις</em></strong></span> <span class='ocrx_word' id='word_1_491' title='bbox 1183 4498 1189 4512; x_wconf 94' lang='grc'><strong>.</strong></span> <span class='ocrx_word' id='word_1_492' title='bbox 1203 4498 1209 4511; x_wconf 97' lang='grc'><strong>.</strong></span> <span class='ocrx_word' id='word_1_493' title='bbox 1224 4453 1348 4527; x_wconf 76' lang='grc' dir='ltr'><strong><em>,ἐλέγξει</em></strong></span> <span class='ocrx_word' id='word_1_494' title='bbox 1360 4457 1416 4527; x_wconf 82' lang='lat' dir='ltr'><strong>vgl.</strong></span> <span class='ocrx_word' id='word_1_495' title='bbox 1428 4455 1443 4510; x_wconf 92' lang='lat'>1</span> <span class='ocrx_word' id='word_1_496' title='bbox 1455 4456 1512 4511; x_wconf 87' lang='grc'><strong>350.</strong></span> <span class='ocrx_word' id='word_1_497' title='bbox 1525 4488 1558 4495; x_wconf 93' lang='grc'>-</span> 
     </span>
     <span class='ocr_line' id='line_1_44' title="bbox 248 4537 1557 4615; baseline -0.004 -16"><span class='ocrx_word' id='word_1_498' title='bbox 248 4541 364 4612; x_wconf 75' lang='grc' dir='ltr'><strong><em>ἀνόμων</em></strong></span> <span class='ocrx_word' id='word_1_499' title='bbox 387 4545 423 4598; x_wconf 90' lang='grc' dir='ltr'><strong>Ω.</strong></span> <span class='ocrx_word' id='word_1_500' title='bbox 446 4575 478 4582; x_wconf 99' lang='grc'>-</span> <span class='ocrx_word' id='word_1_501' title='bbox 501 4541 607 4615; x_wconf 81' lang='grc' dir='ltr'><strong><em>ἐλέγξει</em></strong></span> <span class='ocrx_word' id='word_1_502' title='bbox 629 4545 684 4600; x_wconf 87' lang='grc' dir='ltr'><strong>ΡΨ</strong></span> <span class='ocrx_word' id='word_1_503' title='bbox 704 4539 943 4610; x_wconf 66' lang='lat' dir='ltr'><strong>Constituere</strong></span> <span class='ocrx_word' id='word_1_504' title='bbox 965 4540 1059 4612; x_wconf 82' lang='grc' dir='ltr'><strong><em>ψλέξει</em></strong></span> <span class='ocrx_word' id='word_1_505' title='bbox 1076 4545 1099 4597; x_wconf 88' lang='grc' dir='ltr'><strong>Β</strong></span> <span class='ocrx_word' id='word_1_506' title='bbox 1119 4545 1124 4610; x_wconf 83' lang='grc' dir='ltr'>Ι</span> <span class='ocrx_word' id='word_1_507' title='bbox 1145 4541 1204 4598; x_wconf 85' lang='grc'><strong>229</strong></span> <span class='ocrx_word' id='word_1_508' title='bbox 1223 4537 1316 4596; x_wconf 83' lang='grc' dir='ltr'><strong><em>ὁπόσα</em></strong></span> <span class='ocrx_word' id='word_1_509' title='bbox 1334 4539 1393 4596; x_wconf 89' lang='grc' dir='ltr'><strong>ΗΨ</strong></span> <span class='ocrx_word' id='word_1_510' title='bbox 1409 4540 1470 4596; x_wconf 80' lang='lat' dir='ltr'><strong>Vct.</strong></span> <span class='ocrx_word' id='word_1_511' title='bbox 1484 4543 1557 4596; x_wconf 89' lang='grc'><strong>1357.</strong></span> 
     </span>
     <span class='ocr_line' id='line_1_45' title="bbox 247 4623 1557 4698; baseline -0.005 -15"><span class='ocrx_word' id='word_1_512' title='bbox 247 4630 305 4683; x_wconf 86' lang='grc'><strong>573.</strong></span> <span class='ocrx_word' id='word_1_513' title='bbox 322 4625 443 4698; x_wconf 81' lang='grc' dir='ltr'><strong><em>χὼτιόσα</em></strong></span> <span class='ocrx_word' id='word_1_514' title='bbox 456 4629 491 4684; x_wconf 91' lang='grc' dir='ltr'><strong>Φ.</strong></span> <span class='ocrx_word' id='word_1_515' title='bbox 509 4659 542 4667; x_wconf 94' lang='grc'>-</span> <span class='ocrx_word' id='word_1_516' title='bbox 560 4624 647 4685; x_wconf 79' lang='grc' dir='ltr'><strong><em>έίαθε</em></strong></span> <span class='ocrx_word' id='word_1_517' title='bbox 659 4629 718 4684; x_wconf 90' lang='grc' dir='ltr'><strong>ΗΨ</strong></span> <span class='ocrx_word' id='word_1_518' title='bbox 733 4629 823 4682; x_wconf 86' lang='lat' dir='ltr'><strong>Coust.</strong></span> <span class='ocrx_word' id='word_1_519' title='bbox 836 4629 919 4683; x_wconf 85' lang='lat' dir='ltr'><strong>Mose.</strong></span> <span class='ocrx_word' id='word_1_520' title='bbox 933 4628 1015 4682; x_wconf 77' lang='lat' dir='ltr'><strong>Marc.</strong></span> <span class='ocrx_word' id='word_1_521' title='bbox 1031 4629 1036 4693; x_wconf 96' lang='grc' dir='ltr'>Ι</span> <span class='ocrx_word' id='word_1_522' title='bbox 1052 4627 1111 4684; x_wconf 86' lang='grc'><strong>230</strong></span> <span class='ocrx_word' id='word_1_523' title='bbox 1129 4623 1278 4696; x_wconf 81' lang='grc' dir='ltr'><strong><em>ζοψώεντα</em></strong></span> <span class='ocrx_word' id='word_1_524' title='bbox 1294 4628 1328 4680; x_wconf 91' lang='grc' dir='ltr'><strong>Ψ.</strong></span> <span class='ocrx_word' id='word_1_525' title='bbox 1340 4654 1373 4664; x_wconf 97' lang='grc'><strong>-</strong></span> <span class='ocrx_word' id='word_1_526' title='bbox 1386 4632 1557 4698; x_wconf 74' lang='grc' dir='ltr'><strong><em>φωστῆροινι</em></strong></span> 
     </span>
     <span class='ocr_line' id='line_1_46' title="bbox 248 4714 439 4784; baseline 0.01 -18"><span class='ocrx_word' id='word_1_527' title='bbox 248 4717 386 4784; x_wconf 84' lang='grc' dir='ltr'><strong><em>σωτῆρσιν</em></strong></span> <span class='ocrx_word' id='word_1_528' title='bbox 404 4714 439 4768; x_wconf 84' lang='grc' dir='ltr'><strong>Ω.</strong></span> 
     </span>
    </p>
   </div>
   <div class='ocr_carea' id='block_1_7' title="bbox 0 0 1902 5596">
    <p class='ocr_par' dir='ltr' id='par_1_7' title="bbox 0 0 1902 5596">
     <span class='ocr_line' id='line_1_47' title="bbox 0 0 1902 5596; baseline 0 0"><span class='ocrx_word' id='word_1_529' title='bbox 0 0 1902 5596; x_wconf 95' lang='lat' dir='ltr'><strong> </strong></span> 
     </span>
    </p>
   </div>
  </div>
 </body>
</html>
